date,symbol,reportedCurrency,cik,fillingDate,acceptedDate,calendarYear,period,revenue,costOfRevenue,grossProfit,grossProfitRatio,researchAndDevelopmentExpenses,generalAndAdministrativeExpenses,sellingAndMarketingExpenses,sellingGeneralAndAdministrativeExpenses,otherExpenses,operatingExpenses,costAndExpenses,interestIncome,interestExpense,depreciationAndAmortization,ebitda,ebitdaratio,operatingIncome,operatingIncomeRatio,totalOtherIncomeExpensesNet,incomeBeforeTax,incomeBeforeTaxRatio,incomeTaxExpense,netIncome,netIncomeRatio,eps,epsdiluted,weightedAverageShsOut,weightedAverageShsOutDil,link,finalLink
2024-12-31,D,USD,0000715957,2025-02-27,2025-02-27 08:17:17,2024,FY,14459000000,7537000000,6922000000,0.4787329691,0,0,0,0,3675000000,3675000000,11212000000,0,1887000000,2639000000,6708000000,0.4639324988,3247000000,0.2245660142,-1065000000,2182000000,0.1509094682,308000000,2124000000,0.1468981257,2.44,2.44,839200000,839400000,https://www.sec.gov/Archives/edgar/data/715957/000095017025028387/0000950170-25-028387-index.htm,https://www.sec.gov/Archives/edgar/data/103682/000095017025028387/d-20241231.htm
2023-12-31,D,USD,0000715957,2024-02-23,2024-02-23 07:30:17,2023,FY,14393000000,7435000000,6958000000,0.4834294449,0,0,0,0,3544000000,3544000000,10979000000,0,1674000000,3128000000,6822000000,0.4739804071,3414000000,0.2371986382,-682000000,2732000000,0.1898144932,575000000,1994000000,0.1385395678,2.38,2.29,804032258,836500000,https://www.sec.gov/Archives/edgar/data/715957/000095017024019110/0000950170-24-019110-index.htm,https://www.sec.gov/Archives/edgar/data/103682/000095017024019110/d-20231231.htm
2022-12-31,D,USD,0000715957,2023-02-21,2023-02-21 07:00:15,2022,FY,13938000000,7561000000,6377000000,0.4575261874,0,0,0,0,4944000000,4944000000,12505000000,0,1002000000,3113000000,6373000000,0.4572392022,1433000000,0.1028124552,-893000000,540000000,0.0387430047,113000000,1321000000,0.094776869,1.19,1.09,823900000,835000000,https://www.sec.gov/Archives/edgar/data/715957/000095017023003287/0000950170-23-003287-index.htm,https://www.sec.gov/Archives/edgar/data/103682/000095017023003287/d-20221231.htm
2021-12-31,D,USD,0000715957,2022-02-24,2022-02-24 12:58:30,2021,FY,11419000000,6007000000,5412000000,0.4739469306,0,0,0,0,3416000000,3416000000,9423000000,0,1294000000,2781000000,5386000000,0.4716700236,1996000000,0.174796392,-116000000,1880000000,0.1646378842,-181000000,3399000000,0.2976617918,3.99,3.98,807800000,808500000,https://www.sec.gov/Archives/edgar/data/715957/000156459022006589/0001564590-22-006589-index.htm,https://www.sec.gov/Archives/edgar/data/103682/000156459022006589/d-10k_20211231.htm
2020-12-31,D,USD,0000715957,2021-02-25,2021-02-25 08:17:20,2020,FY,14172000000,6870000000,7302000000,0.5152413209,0,0,0,0,5247000000,5247000000,12117000000,0,1377000000,2836000000,6935000000,0.4893451877,2055000000,0.1450042337,-644000000,1411000000,0.0995625176,83000000,-401000000,-0.02829523,-0.5,-0.57,831000000,831000000,https://www.sec.gov/Archives/edgar/data/715957/000156459021008442/0001564590-21-008442-index.htm,https://www.sec.gov/Archives/edgar/data/103682/000156459021008442/d-10k_20201231.htm
2019-12-31,D,USD,0000715957,2020-02-28,2020-02-28 08:56:19,2019,FY,14401000000,8323000000,6078000000,0.422054024,0,0,0,0,4534000000,4534000000,12857000000,0,1486000000,2977000000,5889000000,0.4089299354,1544000000,0.1072147768,-675000000,869000000,0.0603430317,209000000,1358000000,0.094299007,1.66,1.66,808800000,808900000,https://www.sec.gov/Archives/edgar/data/715957/000119312520054469/0001193125-20-054469-index.htm,https://www.sec.gov/Archives/edgar/data/103682/000119312520054469/d854390d10k.htm
2018-12-31,D,USD,0000715957,2019-02-28,2019-02-28 17:17:16,2018,FY,11199000000,6199000000,5000000000,0.4464684347,0,0,0,0,1987000000,1987000000,8186000000,0,1279000000,2280000000,5040000000,0.4500401822,3013000000,0.2690418787,-394000000,2619000000,0.2338601661,522000000,2447000000,0.2185016519,3.74,3.59,654200000,681000000,https://www.sec.gov/Archives/edgar/data/715957/000119312519057924/0001193125-19-057924-index.htm,https://www.sec.gov/Archives/edgar/data/103682/000119312519057924/d662998d10k.htm
2017-12-31,D,USD,0000715957,2018-02-27,2018-02-27 09:13:42,2017,FY,12586000000,6208000000,6378000000,0.5067535357,0,0,0,0,2441000000,2441000000,8649000000,0,1205000000,2202000000,6007000000,0.4772763388,3937000000,0.3128078818,-847000000,3090000000,0.2455108851,-30000000,2999000000,0.2382806293,4.72,4.72,636000000,636000000,https://www.sec.gov/Archives/edgar/data/715957/000119312518059578/0001193125-18-059578-index.htm,https://www.sec.gov/Archives/edgar/data/103682/000119312518059578/d512216d10k.htm
2016-12-31,D,USD,0000715957,2017-02-28,2017-02-28 08:30:57,2016,FY,11737000000,6170000000,5567000000,0.4743120048,0,0,0,0,2119000000,2119000000,8289000000,0,1010000000,1849000000,5261000000,0.4482406066,3448000000,0.2937718327,-581000000,2867000000,0.2442702565,655000000,2123000000,0.1808809747,3.38,3.38,616400000,628000000,https://www.sec.gov/Archives/edgar/data/715957/000119312517060413/0001193125-17-060413-index.htm,https://www.sec.gov/Archives/edgar/data/103682/000119312517060413/d334692d10k.htm
2015-12-31,D,USD,0000715957,2016-02-26,2016-02-26 12:51:50,2015,FY,11683000000,6201000000,5482000000,0.469228794,0,0,0,0,1946000000,1946000000,8147000000,0,904000000,1669000000,5205000000,0.4455191304,3536000000,0.3026619875,-708000000,2828000000,0.2420611144,905000000,1899000000,0.1625438672,3.21,3.2,592400000,593700000,https://www.sec.gov/Archives/edgar/data/715957/000119312516480850/0001193125-16-480850-index.htm,https://www.sec.gov/Archives/edgar/data/103682/000119312516480850/d126742d10k.htm
2014-12-31,D,USD,0000715957,2015-02-27,2015-02-27 10:12:32,2014,FY,12436000000,7881000000,4555000000,0.3662753297,0,0,0,0,1834000000,1834000000,9715000000,0,1193000000,1560000000,4281000000,0.3442425217,2721000000,0.2188002573,-943000000,1778000000,0.1429720167,452000000,1310000000,0.1053393374,2.25,2.24,582700000,584500000,https://www.sec.gov/Archives/edgar/data/715957/000119312515067777/0001193125-15-067777-index.htm,https://www.sec.gov/Archives/edgar/data/103682/000119312515067777/d856078d10k.htm
2013-12-31,D,USD,0000715957,2014-02-28,2014-02-27 17:37:14,2013,FY,13120000000,8033000000,5087000000,0.3877286585,0,0,0,0,1771000000,1771000000,9804000000,0,877000000,1390000000,4706000000,0.3586890244,3316000000,0.2527439024,-612000000,2704000000,0.206097561,892000000,1697000000,0.1293445122,2.93,2.93,578700000,579500000,https://www.sec.gov/Archives/edgar/data/715957/000119312514073496/0001193125-14-073496-index.htm,https://www.sec.gov/Archives/edgar/data/103682/000119312514073496/d660169d10k.htm
2012-12-31,D,USD,0000715957,2013-02-28,2013-02-28 12:09:51,2012,FY,12835000000,8300000000,4535000000,0.3533307363,0,0,0,0,1677000000,1677000000,9977000000,0,816000000,1443000000,4301000000,0.3350993377,2858000000,0.2226723802,-593000000,2265000000,0.1764705882,811000000,302000000,0.0235294118,0.53,0.53,572900000,573900000,https://www.sec.gov/Archives/edgar/data/715957/000119312513082933/0001193125-13-082933-index.htm,https://www.sec.gov/Archives/edgar/data/103682/000119312513082933/d431694d10k.htm
2011-12-31,D,USD,0000715957,2012-02-28,2012-02-28 17:20:58,2011,FY,13765000000,9338000000,4427000000,0.3216127861,0,0,0,0,1547000000,1547000000,10885000000,0,869000000,1288000000,4168000000,0.3027969488,2880000000,0.2092262986,-618000000,2262000000,0.164329822,778000000,1408000000,0.1022884126,2.46,2.45,573100000,574600000,https://www.sec.gov/Archives/edgar/data/715957/000119312512085811/0001193125-12-085811-index.htm,https://www.sec.gov/Archives/edgar/data/103682/000119312512085811/d283555d10k.htm
2010-12-31,D,USD,0000715957,2011-02-28,2011-02-28 16:10:25,2010,FY,14927000000,9984000000,4943000000,0.3311449052,0,0,0,0,-908000000,-908000000,9076000000,0,904000000,1258000000,4642000000,0.3109801032,5851000000,0.3919742748,-656000000,5195000000,0.348027065,2112000000,2808000000,0.1881154954,4.83,4.76,581000000,590100000,https://www.sec.gov/Archives/edgar/data/715957/000119312511049905/0001193125-11-049905-index.htm,https://www.sec.gov/Archives/edgar/data/103682/000119312511049905/d10k.htm
2009-12-31,D,USD,0000715957,2010-02-26,2010-02-26 16:06:23,2009,FY,14798000000,6896000000,7902000000,0.5339910799,0,0,0,0,5333000000,5333000000,12229000000,0,889000000,1319000000,4082000000,0.2758480876,2569000000,0.1736045412,-695000000,1874000000,0.126638735,596000000,1287000000,0.0869712123,2.17,2.17,593300000,593700000,https://www.sec.gov/Archives/edgar/data/715957/000119312510042883/0001193125-10-042883-index.htm,https://www.sec.gov/Archives/edgar/data/103682/000119312510042883/d10k.htm
2008-12-31,D,USD,0000715957,2009-02-26,2009-02-26 16:27:27,2008,FY,15895000000,7600000000,8295000000,0.5218622208,0,0,0,0,4811000000,4811000000,12411000000,0,829000000,1191000000,4633000000,0.2914753067,3484000000,0.219188424,-871000000,2613000000,0.164391318,953000000,1834000000,0.1153821957,3.17,3.16,577800000,580800000,https://www.sec.gov/Archives/edgar/data/715957/000119312509039102/0001193125-09-039102-index.htm,https://www.sec.gov/Archives/edgar/data/715957/000119312509039102/d10k.htm
2007-12-31,D,USD,0000715957,2008-02-28,2008-02-28 09:40:33,2007,FY,15674000000,6716000000,8958000000,0.5715197142,0,0,0,0,7026000000,7026000000,13742000000,0,941000000,1533000000,3465000000,0.2210667347,1932000000,0.1232614521,2556000000,4488000000,0.2863340564,1783000000,2539000000,0.1619880056,3.9,3.88,651025641,654381443,https://www.sec.gov/Archives/edgar/data/715957/000119312508041046/0001193125-08-041046-index.htm,https://www.sec.gov/Archives/edgar/data/715957/000119312508041046/d10k.htm
2006-12-31,D,USD,0000715957,2007-02-28,2007-02-28 16:14:01,2006,FY,16297000000,6654000000,9643000000,0.5917039946,0,0,0,0,6325000000,6325000000,12979000000,0,1030000000,1739000000,5057000000,0.3103025097,3318000000,0.2035957538,-861000000,2457000000,0.1507639443,927000000,1380000000,0.0846781616,1.98,1.97,698734177,702290076,https://www.sec.gov/Archives/edgar/data/715957/000119312507042607/0001193125-07-042607-index.htm,https://www.sec.gov/Archives/edgar/data/715957/000119312507042607/d10k.htm
2005-12-31,D,USD,0000715957,2006-03-02,2006-03-02 08:40:52,2005,FY,17809000000,9115000000,8694000000,0.4881801336,0,0,0,0,6307000000,6307000000,15422000000,0,966000000,1538000000,3925000000,0.2203941827,2387000000,0.1340333539,-781000000,1606000000,0.0901791229,573000000,1033000000,0.0580043798,1.51,1.5,684105960,688666667,https://www.sec.gov/Archives/edgar/data/715957/000119312506043336/0001193125-06-043336-index.htm,https://www.sec.gov/Archives/edgar/data/715957/000119312506043336/d10k.htm
2004-12-31,D,USD,0000715957,2005-02-28,2005-02-28 16:40:56,2004,FY,13991000000,6665000000,7326000000,0.5236223286,0,0,0,0,4590000000,4590000000,11255000000,0,939000000,1433000000,4169000000,0.2979772711,2736000000,0.1955542849,-772000000,1964000000,0.140375956,700000000,1249000000,0.0892716746,1.9,1.89,657368421,660846561,https://www.sec.gov/Archives/edgar/data/715957/000119312505038704/0001193125-05-038704-index.htm,https://www.sec.gov/Archives/edgar/data/715957/000119312505038704/d10k.htm
2003-12-31,D,USD,0000715957,2004-03-01,2004-02-27 18:50:33,2003,FY,12078000000,4917000000,7161000000,0.5928961749,0,0,0,0,4600000000,4600000000,9517000000,0,0,1334000000,3895000000,0.3224871667,2561000000,0.212038417,-1015000000,1546000000,0.1280013247,597000000,318000000,0.0263288624,0.5,0.5,636000000,636000000,https://www.sec.gov/Archives/edgar/data/715957/000119312504031543/0001193125-04-031543-index.htm,https://www.sec.gov/Archives/edgar/data/715957/000119312504031543/d10k.htm
2002-12-31,D,USD,0000715957,2003-03-20,2003-03-20 17:03:31,2002,FY,10218000000,3456000000,6762000000,0.6617733412,0,0,0,0,3877000000,3877000000,7333000000,0,0,1379000000,4264000000,0.417302799,2885000000,0.2823448816,-842000000,2043000000,0.1999412801,681000000,1362000000,0.1332941867,2.42,2.41,561649485,565145228,https://www.sec.gov/Archives/edgar/data/715957/000092838503000725/0000928385-03-000725-index.htm,https://www.sec.gov/Archives/edgar/data/715957/000092838503000725/d10k.htm
2001-12-31,D,USD,0000715957,2002-03-11,2002-03-11 00:00:00,2001,FY,10558000000,4090000000,6468000000,0.6126160258,0,0,0,0,4683000000,4683000000,8773000000,0,0,1322000000,3107000000,0.2942792195,1785000000,0.169066111,-871000000,914000000,0.086569426,370000000,544000000,0.05152491,1.09,1.08,501382488,506046512,https://www.sec.gov/Archives/edgar/data/715957/000091664102000388/0000916641-02-000388-index.htm,https://www.sec.gov/Archives/edgar/data/715957/000091664102000388/d10k.htm
2000-12-31,D,USD,0000715957,2001-03-20,2001-03-20 00:00:00,2000,FY,9246000000,3599000000,5647000000,0.6107505949,0,0,0,0,4132000000,4132000000,7731000000,0,0,1268000000,2783000000,0.3009950249,1515000000,0.1638546398,-917000000,598000000,0.0646766169,183000000,436000000,0.0471555267,0.93,0.93,471351351,471351351,https://www.sec.gov/Archives/edgar/data/715957/000091664101000361/0000916641-01-000361-index.htm,https://www.sec.gov/Archives/edgar/data/715957/000091664101000361/0000916641-01-000361-0001.txt
1999-12-31,D,USD,0000715957,2000-05-19,2000-05-19 00:00:00,1999,FY,5520000000,1805000000,3715000000,0.6730072464,0,0,0,0,2404000000,2404000000,4209000000,0,0,798000000,2109000000,0.3820652174,1311000000,0.2375,-500000000,811000000,0.1469202899,259000000,297000000,0.0538043478,0.78,0.74,383225806,401351351,https://www.sec.gov/Archives/edgar/data/715957/000095010900002262/0000950109-00-002262-index.html,https://www.sec.gov/Archives/edgar/data/715957/000095010900002262/
1998-12-31,D,USD,0000715957,1999-05-19,1999-05-19 00:00:00,1998,FY,6081000000,1767000000,4314000000,0.7094227923,0,0,0,0,3228000000,3228000000,4995000000,0,0,814000000,1900000000,0.3124486104,1086000000,0.1785890479,-244000000,842000000,0.1384640684,306000000,536000000,0.0881433975,1.41,1.41,381494662,381494662,https://www.sec.gov/Archives/edgar/data/715957/000095013099003143/0000950130-99-003143-index.html,https://www.sec.gov/Archives/edgar/data/715957/
1997-12-31,D,USD,0000715957,1998-06-10,1998-06-10 00:00:00,1997,FY,7263000000,1940000000,5323000000,0.732892744,0,0,0,0,3851000000,3851000000,5791000000,0,0,0,2377000000,0.3272752306,1472000000,0.2026710726,-840000000,632000000,0.0870163844,233000000,399000000,0.0549359769,1.08,1.08,371162791,371162791,https://www.sec.gov/Archives/edgar/data/715957/000091664198000700/0000916641-98-000700-index.html,https://www.sec.gov/Archives/edgar/data/715957/
1996-12-31,D,USD,0000715957,1997-06-27,1997-06-27 00:00:00,1996,FY,4815100000,1679900000,3135200000,0.6511183568,0,0,0,0,2035600000,2035600000,3715500000,0,0,0,1794000000,0.3725779319,1099600000,0.2283649353,-408200000,691400000,0.1435899566,219300000,472100000,0.0980457311,1.33,1.33,356301887,356301887,https://www.sec.gov/Archives/edgar/data/715957/000091664197000637/0000916641-97-000637-index.html,https://www.sec.gov/Archives/edgar/data/715957/
1995-12-31,D,USD,0000715957,1996-03-12,1996-03-12 00:00:00,1995,FY,4633100000,1698100000,2935000000,0.6334851395,0,0,0,0,1908600000,1908600000,3606700000,0,0,0,1659900000,0.3582698409,1026400000,0.2215363364,-414300000,612100000,0.1321145669,187100000,425000000,0.0917312383,1.23,1.23,346938776,346938776,https://www.sec.gov/Archives/edgar/data/715957/000091664196000146/0000916641-96-000146-index.html,https://www.sec.gov/Archives/edgar/data/715957/0000916641-96-000146.txt
1994-12-31,D,USD,0000715957,1995-03-08,1995-03-08 00:00:00,1994,FY,4491100000,1642400000,2848700000,0.6342989468,0,0,0,0,1810500000,1810500000,3452900000,0,0,0,1648900000,0.3671483601,1038200000,0.2311683107,-389000000,649200000,0.1445525595,171000000,478200000,0.106477255,1.41,1.41,340600000,340600000,https://www.sec.gov/Archives/edgar/data/715957/000091664195000051/0000916641-95-000051-index.html,https://www.sec.gov/Archives/edgar/data/715957/0000916641-95-000051.txt
1993-12-31,D,USD,0000715957,1993-12-31,1993-12-30 19:00:00,1993,FY,4433900000,0,0,0,0,0,0,0,4433900000,4433900000,4433900000,0,0,0,4433900000,1,4433900000,1,-4433900000,0,0,0,516600000,0.1165114234,1.56,1.56,331153846,331153846,,
1992-12-31,D,USD,0000715957,1992-12-31,1992-12-30 19:00:00,1992,FY,3791100000,0,0,0,0,0,0,0,3791100000,3791100000,3791100000,0,0,0,3791100000,1,3791100000,1,-3791100000,0,0,0,444500000,0.1172482921,1.38,1.38,322101449,322101449,,
1991-12-31,D,USD,0000715957,1991-12-31,1991-12-30 19:00:00,1991,FY,3785700000,0,0,0,0,0,0,0,3785700000,3785700000,3785700000,0,0,0,3785700000,1,3785700000,1,-3785700000,0,0,0,459900000,0.1214834773,1.47,1.47,312857143,312857143,,
1990-12-31,D,USD,0000715957,1990-12-31,1990-12-30 19:00:00,1990,FY,3532500000,0,0,0,0,0,0,0,3532500000,3532500000,3532500000,0,0,0,3532500000,1,3532500000,1,-3532500000,0,0,0,445700000,0.1261712668,1.46,1.46,305273973,305273973,,
1989-12-31,D,USD,0000715957,1989-12-31,1989-12-30 19:00:00,1989,FY,3661700000,0,0,0,0,0,0,0,3661700000,3661700000,3661700000,0,0,0,3661700000,1,3661700000,1,-3661700000,0,0,0,410700000,0.1121610181,1.38,1.38,297608696,297608696,,
1988-12-31,D,USD,0000715957,1988-12-31,1988-12-30 19:00:00,1988,FY,3344100000,0,0,0,0,0,0,0,3344100000,3344100000,3344100000,0,0,0,3344100000,1,3344100000,1,-3344100000,0,0,0,438400000,0.1310965581,1.51,1.51,291295681,291295681,,
1987-12-31,D,USD,0000715957,1987-12-31,1987-12-30 19:00:00,1987,FY,3251200000,0,0,0,0,0,0,0,3251200000,3251200000,3251200000,0,0,0,3251200000,1,3251200000,1,-3251200000,0,0,0,430500000,0.1324126476,1.52,1.52,284158416,284158416,,
1986-12-31,D,USD,0000715957,1986-12-31,1986-12-30 19:00:00,1986,FY,3071600000,0,0,0,0,0,0,0,3071600000,3071600000,3071600000,0,0,0,3071600000,1,3071600000,1,-3071600000,0,0,0,379800000,0.1236489126,1.37,1.37,278241758,278241758,,
1985-12-31,D,USD,0000715957,1985-12-31,1985-12-30 19:00:00,1985,FY,2712100000,0,0,0,0,0,0,0,2712100000,2712100000,2712100000,0,0,0,2712100000,1,2712100000,1,-2712100000,0,0,0,319800000,0.117916006,1.2,1.2,224666667,224666667,,
