date,symbol,reportedCurrency,cik,fillingDate,acceptedDate,calendarYear,period,revenue,costOfRevenue,grossProfit,grossProfitRatio,researchAndDevelopmentExpenses,generalAndAdministrativeExpenses,sellingAndMarketingExpenses,sellingGeneralAndAdministrativeExpenses,otherExpenses,operatingExpenses,costAndExpenses,interestIncome,interestExpense,depreciationAndAmortization,ebitda,ebitdaratio,operatingIncome,operatingIncomeRatio,totalOtherIncomeExpensesNet,incomeBeforeTax,incomeBeforeTaxRatio,incomeTaxExpense,netIncome,netIncomeRatio,eps,epsdiluted,weightedAverageShsOut,weightedAverageShsOutDil,link,finalLink
2024-12-31,ESS,USD,0000920522,2025-02-21,2025-02-21 16:51:05,2024,FY,1774450000,566815000,1207635000,0.6805686269,0,98902000,0,98902000,405638000,504540000,1071355000,80951000,235529000,580220000,1627055000,0.9169348249,703095000,0.3962326355,108211000,811306000,0.4572154752,0,741522000,0.4178883598,11.55,11.54,64228000,64251000,https://www.sec.gov/Archives/edgar/data/920522/000092052225000024/0000920522-25-000024-index.htm,https://www.sec.gov/Archives/edgar/data/920522/000092052225000024/ess-20241231.htm
2023-12-31,ESS,USD,0000920522,2024-02-23,2024-02-23 16:05:20,2023,FY,1669395000,532048000,1137347000,0.6812929235,0,63474000,0,63474000,489531000,553005000,1085053000,46259000,212905000,548438000,1192051000,0.714061681,584342000,0.3500321973,-153634000,430708000,0.25800245,0,405825000,0.2430970501,6.32,6.32,64252232,64253384,https://www.sec.gov/Archives/edgar/data/920522/000092052224000033/0000920522-24-000033-index.htm,https://www.sec.gov/Archives/edgar/data/920522/000092052224000033/ess-20231231.htm
2022-12-31,ESS,USD,0000920522,2023-02-23,2023-02-23 16:23:20,2022,FY,1606814000,497737000,1109077000,0.6902335927,0,56577000,0,56577000,457271000,513848000,1011585000,0,223838000,539319000,1196142000,0.7444184579,595229000,0.3704405115,-162244000,432985000,0.269468028,0,408315000,0.2541146642,6.27,6.27,65079764,65098186,https://www.sec.gov/Archives/edgar/data/920522/000092052223000005/0000920522-23-000005-index.htm,https://www.sec.gov/Archives/edgar/data/920522/000092052223000005/ess-20221231.htm
2021-12-31,ESS,USD,0000920522,2022-02-25,2022-02-25 16:34:46,2021,FY,1440556000,232246000,1208310000,0.8387803043,0,51838000,0,51838000,626477000,678315000,910561000,98744000,203125000,520066000,1503751000,1.0438684786,529995000,0.3679100292,250565000,780560000,0.5418463427,0,488554000,0.3391426644,7.51,7.51,65051464,65088874,https://www.sec.gov/Archives/edgar/data/920522/000092052222000019/0000920522-22-000019-index.htm,https://www.sec.gov/Archives/edgar/data/920522/000092052222000019/ess-20211231.htm
2020-12-31,ESS,USD,0000920522,2021-02-19,2021-02-19 16:24:21,2020,FY,1495748000,211584000,1284164000,0.8585430166,0,65388000,0,65388000,727335000,792723000,1004307000,40999000,220633000,525497000,1610382000,1.0766399153,491441000,0.3285586877,372811000,864252000,0.5778058871,1531000,568870000,0.3803247606,8.69,8.68,65454057,65564982,https://www.sec.gov/Archives/edgar/data/920522/000092052221000015/0000920522-21-000015-index.htm,https://www.sec.gov/Archives/edgar/data/920522/000092052221000015/ess-20201231.htm
2019-12-31,ESS,USD,0000920522,2020-02-20,2020-02-20 16:07:45,2019,FY,1460155000,189237000,1270918000,0.8703993754,0,54262000,0,54262000,735544000,789806000,979043000,46298000,217339000,483750000,1408351000,0.9645215748,481112000,0.3294937866,226150000,707262000,0.4843746041,1457000,439286000,0.3008488825,6.67,6.66,65840422,65939454,https://www.sec.gov/Archives/edgar/data/1053059/000092052220000026/0000920522-20-000026-index.html,https://www.sec.gov/Archives/edgar/data/920522/000092052220000026/ess-123119x10k.htm
2018-12-31,ESS,USD,0000920522,2019-02-21,2019-02-21 16:21:22,2018,FY,1400053000,183625000,1216428000,0.8688442509,0,53451000,0,53451000,650988000,704439000,888064000,23010000,220492000,479884000,1346746000,0.9619250128,511989000,0.3656925845,134381000,646370000,0.4616753794,0,390153000,0.2786701646,5.91,5.9,66041058,66085089,https://www.sec.gov/Archives/edgar/data/920522/000092052219000009/0000920522-19-000009-index.htm,https://www.sec.gov/Archives/edgar/data/920522/000092052219000009/ess-123118x10k.htm
2017-12-31,ESS,USD,0000920522,2018-02-22,2018-02-22 16:39:47,2017,FY,1363899000,176466000,1187433000,0.8706165193,0,41385000,0,41385000,673103000,714488000,890954000,24604000,222894000,468881000,1378894000,1.0109942158,472945000,0.3467595474,214174000,687119000,0.5037902367,0,433059000,0.3175154465,6.58,6.57,65829155,65898255,https://www.sec.gov/Archives/edgar/data/920522/000092052218000011/0000920522-18-000011-index.htm,https://www.sec.gov/Archives/edgar/data/920522/000092052218000011/ess-123117x10k.htm
2016-12-31,ESS,USD,0000920522,2017-02-24,2017-02-24 14:52:07,2016,FY,1294001000,169272000,1124729000,0.8691871181,0,40751000,0,40751000,663178000,703929000,873201000,27305000,219654000,441682000,1323811000,1.0230370765,420800000,0.3251929481,241675000,662475000,0.5119586461,4410000,414979000,0.3206944971,6.28,6.27,65471540,65587816,https://www.sec.gov/Archives/edgar/data/920522/000092052217000014/0000920522-17-000014-index.htm,https://www.sec.gov/Archives/edgar/data/920522/000092052217000014/ess-123116x10k.htm
2015-12-31,ESS,USD,0000920522,2016-02-26,2016-02-26 16:02:10,2015,FY,1194407000,363508000,830899000,0.6956581802,0,40090000,0,40090000,459635000,499725000,863233000,19143000,204827000,453423000,906489000,0.7589448153,331174000,0.2772706456,-82935000,248239000,0.2078345154,0,232120000,0.1943391156,3.5,3.49,64871717,65061685,https://www.sec.gov/Archives/edgar/data/920522/000092052216000097/0000920522-16-000097-index.htm,https://www.sec.gov/Archives/edgar/data/920522/000092052216000097/ess-123115x10k.htm
2014-12-31,ESS,USD,0000920522,2015-03-02,2015-03-02 14:34:47,2014,FY,970938000,312546000,658392000,0.6780989105,0,40878000,0,40878000,416000000,456878000,769424000,11811000,164551000,360592000,659581000,0.6793234995,201514000,0.2075456929,-67076000,134438000,0.1384619821,0,122150000,0.1258061792,2.07,2.06,56546959,56696525,https://www.sec.gov/Archives/edgar/data/920522/000092052215000006/0000920522-15-000006-index.htm,https://www.sec.gov/Archives/edgar/data/920522/000092052215000006/ess-123114x10k.htm
2013-12-31,ESS,USD,0000920522,2014-02-26,2014-02-26 17:17:36,2013,FY,610590000,197336000,413254000,0.6768109533,0,25601000,0,25601000,197865000,224549000,421885000,11633000,116524000,193518000,450924000,0.73850538,188705000,0.3090535384,-47823000,140882000,0.2307309324,0,156283000,0.2559540772,4.05,4.04,37237284,37329455,https://www.sec.gov/Archives/edgar/data/920522/000114036114009793/0001140361-14-009793-index.htm,https://www.sec.gov/Archives/edgar/data/920522/000114036114009793/form10k.htm
2012-12-31,ESS,USD,0000920522,2013-02-25,2013-02-22 19:07:36,2012,FY,535153000,172167000,362986000,0.678284528,0,23307000,0,23307000,171388000,195961000,368128000,13833000,111888000,170686000,410227000,0.7665602174,167025000,0.3121070049,-39372000,127653000,0.2385355216,0,125284000,0.2341087502,3.42,3.41,35032749,37377986,https://www.sec.gov/Archives/edgar/data/920522/000114036113009003/0001140361-13-009003-index.htm,https://www.sec.gov/Archives/edgar/data/920522/000114036113009003/form10k.htm
2011-12-31,ESS,USD,0000920522,2012-02-27,2012-02-24 21:18:07,2011,FY,467440000,162120000,305320000,0.653174739,0,20694000,0,20694000,150009000,170703000,332823000,17139000,91694000,164016000,302668000,0.6475012836,134617000,0.2879877631,-87659000,46958000,0.1004578128,0,47070000,0.1006974157,1.24,1.24,32541792,32628714,https://www.sec.gov/Archives/edgar/data/920522/000114036112010939/0001140361-12-010939-index.htm,https://www.sec.gov/Archives/edgar/data/920522/000114036112010939/form10k.htm
2010-12-31,ESS,USD,0000920522,2011-02-25,2011-02-25 15:45:47,2010,FY,410279000,145871000,264408000,0.6444590145,0,25962000,0,25962000,130523000,153778000,299649000,27841000,82756000,134539000,266457000,0.649453177,110630000,0.2696457776,-61468000,49162000,0.1198257771,0,35934000,0.0875843024,1.14,1.14,29617544,29617544,https://www.sec.gov/Archives/edgar/data/920522/000114036111012197/0001140361-11-012197-index.htm,https://www.sec.gov/Archives/edgar/data/920522/000114036111012197/form10k.htm
2009-12-31,ESS,USD,0000920522,2010-02-26,2010-02-26 06:02:37,2009,FY,411389000,139711000,271678000,0.6603919891,0,26984000,-3280000,23704000,131111000,159173000,298884000,13040000,86016000,118522000,249590000,0.6067007139,112505000,0.2734759558,-67453000,45052000,0.1095119218,0,37108000,0.0902017312,3.01,2.91,27269547,29746614,https://www.sec.gov/Archives/edgar/data/920522/000114036110008624/0001140361-10-008624-index.htm,https://www.sec.gov/Archives/edgar/data/920522/000114036110008624/form10-k.htm
2008-12-31,ESS,USD,0000920522,2009-02-27,2009-02-27 17:34:11,2008,FY,408434000,132417000,276017000,0.6757933962,0,26273000,711000,26984000,110351000,138035000,270452000,11337000,85063000,113294000,279008000,0.6831164888,137982000,0.3378318162,-57331000,80651000,0.1974639721,0,65354000,0.1600111646,2.23,2.21,25162780,25390498,https://www.sec.gov/Archives/edgar/data/920522/000114036109005392/0001140361-09-005392-index.htm,https://www.sec.gov/Archives/edgar/data/920522/000114036109005392/form10k.htm
2007-12-31,ESS,USD,0000920522,2008-02-29,2008-02-28 20:17:35,2007,FY,379049000,123018000,256031000,0.6754562075,0,26273000,0,26273000,180440000,206713000,329731000,3947000,78938000,100389000,222076000,0.58587676,49318000,0.1301098275,-6569000,42749000,0.1127796142,400000,115638000,0.3050740142,4.34,4.24,24548003,25100974,https://www.sec.gov/Archives/edgar/data/920522/000092052208000009/0000920522-08-000009-index.htm,https://www.sec.gov/Archives/edgar/data/920522/000092052208000009/body_10-k.htm
2006-12-31,ESS,USD,0000920522,2007-03-01,2007-03-01 17:23:25,2006,FY,339800000,0,339800000,1,0,22235000,0,22235000,269905000,292139000,292139000,0,0,83036000,203595000,0.5991612713,47661000,0.1402619188,-14134000,33527000,0.0986668629,525000,62748000,0.1846615656,2.5,2.45,23081682,23551042,https://www.sec.gov/Archives/edgar/data/920522/000092052207000015/0000920522-07-000015-index.htm,https://www.sec.gov/Archives/edgar/data/920522/000092052207000015/form10k.htm
2005-12-31,ESS,USD,0000920522,2005-12-31,2005-12-30 19:00:00,2005,FY,314186000,0,314186000,1,0,19148000,0,19148000,257886000,277034000,277034000,0,0,80075000,188011000,0.5984066763,37152000,0.1182484261,12759000,49911000,0.1588581286,2538000,79716000,0.2537223174,3.38,3.32,23038561,23388503,,
2004-12-31,ESS,USD,0000920522,2005-03-31,2005-03-31 12:16:57,2004,FY,289868000,0,289868000,1,0,47275000,4169000,51444000,222349000,240391000,240391000,0,0,74510000,184696000,0.6371727821,49477000,0.1706880373,23536000,73013000,0.251883616,257000,79693000,0.2749285882,3.39,3.36,22921000,23156000,https://www.sec.gov/Archives/edgar/data/920522/000110465905014152/0001104659-05-014152-index.htm,https://www.sec.gov/Archives/edgar/data/920522/000110465905014152/a05-5625_110k.htm
2003-12-31,ESS,USD,0000920522,2004-03-15,2004-03-15 12:27:46,2003,FY,239827000,0,239827000,1,0,27063000,3842000,30905000,180205000,189842000,189842000,0,0,50417000,151784000,0.6328895412,49985000,0.2084210702,-22810000,27175000,0.1133108449,0,37947000,0.158226555,1.58,1.57,21468000,21679000,https://www.sec.gov/Archives/edgar/data/920522/000092052204000006/0000920522-04-000006-index.htm,https://www.sec.gov/Archives/edgar/data/920522/000092052204000006/body10k.htm
2002-12-31,ESS,USD,0000920522,2003-03-31,2003-03-31 13:42:55,2002,FY,208231000,0,208231000,1,0,21254000,2932000,24186000,147189000,155825000,155825000,0,0,37841000,93907000,0.450975119,52406000,0.2516724215,-15698000,36708000,0.1762849912,0,52874000,0.2539199255,2.62,2.6,18530000,18726000,https://www.sec.gov/Archives/edgar/data/920522/000092052203000011/0000920522-03-000011-index.htm,https://www.sec.gov/Archives/edgar/data/920522/000092052203000011/body10k.htm
2001-12-31,ESS,USD,0000920522,2002-03-29,2002-03-29 00:00:00,2001,FY,179428000,0,179428000,1,0,4628000,2870000,7498000,126124000,133622000,133622000,0,0,36295000,45806000,0.2552890296,45806000,0.2552890296,608000,46414000,0.2586775754,0,48545000,0.2705542056,2.63,2.63,18458175,21003100,https://www.sec.gov/Archives/edgar/data/920522/000102140802004494/0001021408-02-004494-index.htm,https://www.sec.gov/Archives/edgar/data/920522/000102140802004494/d10k.txt
2000-12-31,ESS,USD,0000920522,2001-03-30,2001-03-30 00:00:00,2000,FY,182762000,0,182762000,1,0,19757000,2211000,21968000,66210000,88178000,88178000,0,0,31404000,245912000,1.3455313468,94584000,0.517525525,-94584000,0,0,0,44353000,0.2426817391,2.42,2.37,18234000,18714346,https://www.sec.gov/Archives/edgar/data/920522/000101287001001399/0001012870-01-001399-index.htm,https://www.sec.gov/Archives/edgar/data/920522/000101287001001399/0001012870-01-001399-0001.txt
1999-12-31,ESS,USD,0000920522,2000-03-30,2000-03-30 00:00:00,1999,FY,146045000,0,146045000,1,0,14845000,2187000,17032000,55653000,72685000,72685000,0,0,26150000,99510000,0.6813653326,73360000,0.5023109316,-73360000,0,0,0,43564000,0.2982916224,2.41,2.36,17521185,18491242,https://www.sec.gov/Archives/edgar/data/920522/000101287000001770/0001012870-00-001770-index.html,https://www.sec.gov/Archives/edgar/data/920522/000101287000001770/
1998-12-31,ESS,USD,0000920522,1999-03-31,1999-03-31 00:00:00,1998,FY,125259000,0,125259000,1,0,12993000,1742000,14735000,50559000,65294000,65294000,0,0,21948000,81913000,0.6539490176,59965000,0.4787280754,-59965000,0,0,0,26328000,0.2101884894,1.37,1.36,16630954,16808943,https://www.sec.gov/Archives/edgar/data/920522/000101287099000923/0001012870-99-000923-index.html,https://www.sec.gov/Archives/edgar/data/920522/0001012870-99-000923.txt
1997-12-31,ESS,USD,0000920522,1998-03-31,1998-03-31 00:00:00,1997,FY,84569000,0,84569000,1,0,7927000,1225000,9152000,33726000,42878000,42878000,0,0,13992000,55683000,0.658432759,41691000,0.492982062,-41691000,0,0,0,29316000,0.3466518464,1.96,1.92,13644906,15285288,https://www.sec.gov/Archives/edgar/data/920522/000089161898001429/0000891618-98-001429-index.html,https://www.sec.gov/Archives/edgar/data/920522/0000891618-98-001429.txt
1996-12-31,ESS,USD,0000920522,1997-03-31,1997-03-31 00:00:00,1996,FY,50693000,0,50693000,1,0,4628000,653000,5281000,21477000,26758000,26758000,0,0,8855000,32790000,0.6468348687,23935000,0.472155919,-11442000,12493000,0.2464442822,0,8881000,0.1751918411,1.13,1.12,7283124,7347528,https://www.sec.gov/Archives/edgar/data/920522/000101287097000645/0001012870-97-000645-index.html,https://www.sec.gov/Archives/edgar/data/920522/0001012870-97-000645.txt
1995-12-31,ESS,USD,0000920522,1996-06-05,1996-06-05 00:00:00,1995,FY,49900000,0,49900000,1,0,1500000,300000,1800000,-24800000,-23000000,-23000000,0,0,9400000,82300000,1.6492985972,72900000,1.4609218437,-72900000,0,0,0,10800000,0.2164328657,1.73,1.73,6242775,6242775,https://www.sec.gov/Archives/edgar/data/920522/000095014996000675/0000950149-96-000675-index.html,https://www.sec.gov/Archives/edgar/data/920522/0000950149-96-000675.txt
1994-12-31,ESS,USD,0000920522,1994-12-31,1994-12-31 00:00:00,1994,FY,20400000,0,20400000,1,0,500000,100000,600000,-11800000,-11200000,-11200000,0,0,4800000,36400000,1.7843137255,31600000,1.5490196078,-31600000,0,0,0,3300000,0.1617647059,0.52,0.52,6346154,6346154,,
