date,symbol,reportedCurrency,cik,fillingDate,acceptedDate,calendarYear,period,revenue,costOfRevenue,grossProfit,grossProfitRatio,researchAndDevelopmentExpenses,generalAndAdministrativeExpenses,sellingAndMarketingExpenses,sellingGeneralAndAdministrativeExpenses,otherExpenses,operatingExpenses,costAndExpenses,interestIncome,interestExpense,depreciationAndAmortization,ebitda,ebitdaratio,operatingIncome,operatingIncomeRatio,totalOtherIncomeExpensesNet,incomeBeforeTax,incomeBeforeTaxRatio,incomeTaxExpense,netIncome,netIncomeRatio,eps,epsdiluted,weightedAverageShsOut,weightedAverageShsOutDil,link,finalLink
2024-12-31,GPN,USD,0001123360,2025-02-14,2025-02-14 17:15:04,2024,FY,10105894000,3760116000,6345778000,0.6279284148,0,0,0,4060307000,0,4060307000,7820423000,169168000,633986000,2007982000,4519486000,0.4472128839,2285471000,0.226152283,-346185000,1939286000,0.1918965309,295133000,1570365000,0.1553910025,6.18,6.16,254291000,254845000,https://www.sec.gov/Archives/edgar/data/1123360/000112336025000011/0001123360-25-000011-index.htm,https://www.sec.gov/Archives/edgar/data/1123360/000112336025000011/gpn-20241231.htm
2023-12-31,GPN,USD,0001123360,2024-02-14,2024-02-14 16:31:34,2023,FY,9654419000,3727521000,5926898000,0.6139051972,0,0,0,3713868000,0,3713868000,7441389000,113711000,660150000,1903897000,3738603000,0.3872426709,2213030000,0.2292245655,-975187000,1237843000,0.1282151728,209020000,986233000,0.102153532,3.78,3.77,261126000,261698000,https://www.sec.gov/Archives/edgar/data/1123360/000112336024000004/0001123360-24-000004-index.htm,https://www.sec.gov/Archives/edgar/data/1123360/000112336024000004/gpn-20231231.htm
2022-12-31,GPN,USD,0001123360,2023-02-17,2023-02-17 08:36:28,2022,FY,8975515000,3778617000,5196898000,0.5790083355,0,0,0,3219478000,0,3219478000,6998095000,33604000,449433000,1775256000,2427684000,0.2704785185,1977420000,0.2203127063,-1667413000,310007000,0.034539188,166694000,111493000,0.0124219056,0.41,0.4,275191000,275576000,https://www.sec.gov/Archives/edgar/data/1123360/000112336023000009/0001123360-23-000009-index.htm,https://www.sec.gov/Archives/edgar/data/1123360/000112336023000009/gpn-20221231.htm
2021-12-31,GPN,USD,0001123360,2022-02-18,2022-02-18 17:03:38,2021,FY,8523762000,3773725000,4750037000,0.5572700176,0,0,0,2994161000,0,2994161000,6767886000,19320000,333651000,1895487000,3233589000,0.3793617185,1755876000,0.2059977742,-598978000,1156898000,0.1357262204,169034000,965460000,0.1132668885,3.3,3.29,292655000,293669000,https://www.sec.gov/Archives/edgar/data/1123360/000112336022000007/0001123360-22-000007-index.htm,https://www.sec.gov/Archives/edgar/data/1123360/000112336022000007/gpn-20211231.htm
2020-12-31,GPN,USD,0001123360,2021-02-19,2021-02-19 07:46:33,2020,FY,7423558000,3650727000,3772831000,0.5082240888,0,0,0,2585985000,-27107000,2558878000,6209605000,43551000,343548000,1791179000,2692173000,0.3626526525,1213953000,0.1635271119,-531700000,682253000,0.0919037744,77153000,584520000,0.078738524,1.95,1.95,299222000,300516000,https://www.sec.gov/Archives/edgar/data/1123360/000112336021000009/0001123360-21-000009-index.htm,https://www.sec.gov/Archives/edgar/data/1123360/000112336021000009/gpn-20201231.htm
2019-12-31,GPN,USD,0001123360,2020-02-21,2020-02-21 16:20:28,2019,FY,4911892000,2073803000,2838089000,0.5777995526,0,0,0,1791072000,0,1791072000,3864875000,31413000,304905000,944421000,1764994000,0.3593307833,1047017000,0.2131596134,-515551000,531465999,0.1081998544,62190000,430613000,0.0876674406,2.17,2.16,198298000,199134000,https://www.sec.gov/Archives/edgar/data/1123360/000112336020000009/0001123360-20-000009-index.htm,https://www.sec.gov/Archives/edgar/data/1123360/000112336020000009/gpn20191231-10k.htm
2018-12-31,GPN,USD,0001123360,2019-02-21,2019-02-21 16:57:37,2018,FY,3366366000,1095014000,2271352000,0.674719267,0,0,0,1478197000,0,1478197000,2573211000,20719000,195619000,522813000,1285379000,0.3818298426,793155000,0.2356116358,-231000000,562155000,0.1669916462,77488000,452053000,0.1342851609,2.85,2.84,158672000,159271000,https://www.sec.gov/Archives/edgar/data/1123360/000112336019000008/0001123360-19-000008-index.htm,https://www.sec.gov/Archives/edgar/data/1123360/000112336019000008/gpn20181231-10k.htm
2017-12-31,GPN,USD,0001123360,2018-02-23,2018-02-22 18:19:14,2017,FY,3975163000,1928037000,2047126000,0.5149791342,0,0,0,1475197000,0,1475197000,3403234000,8662000,174847000,451151000,1013008000,0.2548343301,571929000,0.1438756096,-179246000,392683000,0.0987841253,-101387000,468425000,0.1178379352,3.03,3.01,154652000,155528000,https://www.sec.gov/Archives/edgar/data/1123360/000112336018000007/0001123360-18-000007-index.htm,https://www.sec.gov/Archives/edgar/data/1123360/000112336018000007/gpn20171231-10k.htm
2016-12-31,GPN,USD,0001123360,2016-12-31,2016-12-30 19:00:00,2016,FY,3370976000,1603532000,1767444000,0.5243122467,0,0,0,1411096000,0,1411096000,3014628000,180630887,0,345008000,748136000,0.2219345377,356348000,0.105710631,-99376000,256971999,0.0762307415,36267000,201753000,0.0598500256,1.38,1.37,146030000,146939000,,
2016-05-31,GPN,USD,0001123360,2016-07-28,2016-07-28 16:32:35,2015,FY,2898150000,1147639000,1750511000,0.6040097994,0,0,0,1325567000,0,1325567000,2473206000,5284000,69316000,187881000,618109000,0.2132770906,424944000,0.146625951,-64032000,360912000,0.1245318565,70695000,271666000,0.0937377292,2.05,2.04,132284000,133167000,https://www.sec.gov/Archives/edgar/data/1123360/000112336016000094/0001123360-16-000094-index.htm,https://www.sec.gov/Archives/edgar/data/1123360/000112336016000094/gpn20160531-10k.htm
2015-05-31,GPN,USD,0001123360,2015-07-30,2015-07-30 14:42:01,2014,FY,2773718000,1017207000,1756511000,0.633269496,0,0,0,1290414000,-4900000,1295314000,2312521000,4949000,44436000,137505000,590557000,0.2129116947,461197000,0.1662739327,-44087000,417110000,0.1503793825,107995000,278040000,0.1002409041,2.07,2.06,134072000,134922000,https://www.sec.gov/Archives/edgar/data/1123360/000112336015000026/0001123360-15-000026-index.htm,https://www.sec.gov/Archives/edgar/data/1123360/000112336015000026/gpn20150531-10k.htm
2014-05-31,GPN,USD,0001123360,2014-07-29,2014-07-29 17:14:21,2013,FY,2554236000,943525000,1610711000,0.6306038283,0,0,0,1203512000,-8700000,1212212000,2155737000,13663000,41812000,122069000,541231000,0.2118954552,398499000,0.1560149493,-21149000,377350000,0.1477349783,107398000,245286000,0.0960310637,1.7,1.69,144238000,145376000,https://www.sec.gov/Archives/edgar/data/1123360/000112336014000033/0001123360-14-000033-index.htm,https://www.sec.gov/Archives/edgar/data/1123360/000112336014000033/gpn20140531-10k.htm
2013-05-31,GPN,USD,0001123360,2013-07-25,2013-07-25 17:20:18,2012,FY,2375923000,852575000,1523348000,0.641160509,0,0,0,1119860000,-9500000,1129360000,1981935000,10353000,33282000,111788000,479354000,0.2017548549,393988000,0.1658252393,-59704000,334284000,0.1406964788,95571000,216125000,0.0909646483,1.39,1.38,155534000,156454000,https://www.sec.gov/Archives/edgar/data/1123360/000112336013000025/0001123360-13-000025-index.htm,https://www.sec.gov/Archives/edgar/data/1123360/000112336013000025/gpn20130531-10k.htm
2012-05-31,GPN,USD,0001123360,2012-07-27,2012-07-27 15:59:08,2011,FY,2203847000,775956000,1427891000,0.6479084074,0,0,0,1046304000,-67437999,1113742000,1889698000,9946000,16848000,99099000,416394000,0.1889396133,314149000,0.1425457393,-13702000,300447000,0.1363284293,82881000,188161000,0.0853784314,1.2,1.19,157658000,158862000,https://www.sec.gov/Archives/edgar/data/1123360/000112336012000045/0001123360-12-000045-index.htm,https://www.sec.gov/Archives/edgar/data/1123360/000112336012000045/gpn20120531-10k.htm
2011-05-31,GPN,USD,0001123360,2011-07-25,2011-07-25 16:03:44,2010,FY,1859802000,644817000,1214985000,0.6532872854,0,0,0,862191000,0,862191000,1507008000,10774000,18161000,82237000,424605000,0.2283065617,352794000,0.1896943868,-28587000,324207000,0.1743233957,95076000,209238000,0.1125055248,1.31,1.3,159674000,160956000,https://www.sec.gov/Archives/edgar/data/1123360/000119312511196004/0001193125-11-196004-index.htm,https://www.sec.gov/Archives/edgar/data/1123360/000119312511196004/d10k.htm
2010-05-31,GPN,USD,0001123360,2010-07-28,2010-07-28 16:01:56,2009,FY,1642468000,584609000,1057858999,0.6440667337,0,0,0,734580000,0,734580000,1319189000,4629000,17519000,68667000,396575000,0.2414506706,323279000,0.1968251436,-12890000,310389000,0.1889771977,87379000,203317000,0.1237874954,1.25,1.24,162150000,164240000,https://www.sec.gov/Archives/edgar/data/1123360/000119312510169025/0001193125-10-169025-index.htm,https://www.sec.gov/Archives/edgar/data/1123360/000119312510169025/d10k.htm
2009-05-31,GPN,USD,0001123360,2009-07-28,2009-07-28 17:02:23,2008,FY,1601524000,598785000,1002739000,0.6261155,0,0,0,693646000,0,693646000,1292431000,7005000,7282000,66288000,234980000,0.1467227466,309093000,0.1929992932,-147666000,161427000,0.1007958669,85252000,37217000,0.0232384903,0.23,0.23,160320000,162098000,https://www.sec.gov/Archives/edgar/data/1123360/000119312509157024/0001193125-09-157024-index.htm,https://www.sec.gov/Archives/edgar/data/1123360/000119312509157024/d10k.htm
2008-05-31,GPN,USD,0001123360,2008-07-30,2008-07-30 07:32:59,2007,FY,1274229000,475612000,798617000,0.6267452711,0,0,0,545941000,0,545941000,1021553000,18210000,8166000,44034000,313603000,0.2461119626,252676000,0.1982971664,8727000,261403000,0.2051460138,90588000,162754000,0.1277274336,1.02,1,159036000,161958000,https://www.sec.gov/Archives/edgar/data/1123360/000119312508160811/0001193125-08-160811-index.htm,https://www.sec.gov/Archives/edgar/data/1123360/000119312508160811/d10k.htm
2007-05-31,GPN,USD,0001123360,2007-07-30,2007-07-30 16:32:18,2006,FY,1061522999,414837000,646686000,0.6092058303,0,0,0,425509000,0,425509000,840346000,0,0,40365000,275160000,0.2592124714,221177000,0.2083581799,5154000,226331000,0.213213468,73436000,142985000,0.1346979765,0.89,0.88,160657303,163411429,https://www.sec.gov/Archives/edgar/data/1123360/000119312507165419/0001193125-07-165419-index.htm,https://www.sec.gov/Archives/edgar/data/1123360/000119312507165419/d10k.htm
2006-05-31,GPN,USD,0001123360,2006-08-04,2006-08-04 08:52:35,2005,FY,908056000,355820000,552236000,0.6081519201,0,0,0,347070000,0,347070000,702890000,0,0,40489000,249153000,0.2743806549,205166000,0.2259398099,-3646000,201520000,0.221924639,67522000,125524000,0.1382337653,0.8,0.77,157891824,164083660,https://www.sec.gov/Archives/edgar/data/1123360/000119312506161792/0001193125-06-161792-index.htm,https://www.sec.gov/Archives/edgar/data/1123360/000119312506161792/d10k.htm
2005-05-31,GPN,USD,0001123360,2005-08-15,2005-08-15 17:02:11,2004,FY,784331000,337272000,447059000,0.569987671,0,0,0,283232000,0,283232000,620504000,0,0,45306000,207601000,0.2646854453,163827000,0.2088748245,-9910000,153917000,0.1962398528,53351000,92896000,0.1184397914,0.3,0.29,153367956,158626286,https://www.sec.gov/Archives/edgar/data/1123360/000119312505168681/0001193125-05-168681-index.htm,https://www.sec.gov/Archives/edgar/data/1123360/000119312505168681/d10k.htm
2004-05-31,GPN,USD,0001123360,2004-08-10,2004-08-10 16:48:41,2003,FY,629320000,289353000,339967000,0.540213246,0,0,0,217418000,0,217418000,506771000,0,0,35540000,150799000,0.2396221318,122549000,0.1947324096,-13815000,108734000,0.1727801436,37765000,62443000,0.0992229708,0.42,0.4,150465060,156107500,https://www.sec.gov/Archives/edgar/data/1123360/000119312504136910/0001193125-04-136910-index.htm,https://www.sec.gov/Archives/edgar/data/1123360/000119312504136910/d10k.htm
2003-05-31,GPN,USD,0001123360,2003-08-26,2003-08-26 16:54:30,2002,FY,516084000,260290000,255794000,0.4956441199,0,0,0,161272000,1257000,162529000,422819000,0,0,32061000,126583000,0.2452759628,93265000,0.180716705,-3113000,90152000,0.1746847412,31844000,53300000,0.103277761,0.18,0.18,147864220,150628037,https://www.sec.gov/Archives/edgar/data/1123360/000119312503042188/0001193125-03-042188-index.htm,https://www.sec.gov/Archives/edgar/data/1123360/000119312503042188/d10k.htm
2002-05-31,GPN,USD,0001123360,2002-08-28,2002-08-28 16:59:41,2001,FY,462826000,252126000,210700000,0.4552466802,0,0,0,128289000,0,128289000,380415000,0,0,29571000,122975000,0.2657046061,82411000,0.1780604374,-17948000,64463000,0.139281285,24624000,23840000,0.0515096386,0.16,0.16,146707692,151365079,https://www.sec.gov/Archives/edgar/data/1123360/000093176302002979/0000931763-02-002979-index.htm,https://www.sec.gov/Archives/edgar/data/1123360/000093176302002979/d10k.htm
2001-05-31,GPN,USD,0001123360,2001-08-29,2001-08-29 00:00:00,2000,FY,353195000,192389000,160806000,0.4552895709,0,0,0,102878000,4882000,107760000,300149000,0,0,21756000,79684000,0.2256090828,53046000,0.1501889891,-14562000,38484000,0.1089596399,14816000,23668000,0.0670111412,0.21,0.21,114062651,115453659,https://www.sec.gov/Archives/edgar/data/1123360/000093176301501581/0000931763-01-501581-index.htm,https://www.sec.gov/Archives/edgar/data/1123360/000093176301501581/d10k405.txt
2000-05-31,GPN,USD,0001123360,2000-05-31,2000-05-30 20:00:00,1999,FY,340033000,181479000,158554000,0.4662900366,0,0,0,95342000,0,95342000,276821000,0,0,20028000,83240000,0.2447997694,63212000,0.1858996039,-9440000,53772000,0.1581375925,20725000,33047000,0.0971876259,0.31,0.31,106603226,106603226,,
