date,symbol,reportedCurrency,cik,fillingDate,acceptedDate,calendarYear,period,revenue,costOfRevenue,grossProfit,grossProfitRatio,researchAndDevelopmentExpenses,generalAndAdministrativeExpenses,sellingAndMarketingExpenses,sellingGeneralAndAdministrativeExpenses,otherExpenses,operatingExpenses,costAndExpenses,interestIncome,interestExpense,depreciationAndAmortization,ebitda,ebitdaratio,operatingIncome,operatingIncomeRatio,totalOtherIncomeExpensesNet,incomeBeforeTax,incomeBeforeTaxRatio,incomeTaxExpense,netIncome,netIncomeRatio,eps,epsdiluted,weightedAverageShsOut,weightedAverageShsOutDil,link,finalLink
2024-12-31,HCA,USD,0000860730,2025-02-14,2025-02-13 18:26:28,2024,FY,70603000000,60056000000,10547000000,0.1493845871,0,31170000000,0,31170000000,-31170000000,0,60056000000,0,2061000000,3312000000,13896000000,0.1968188321,10547000000,0.1493845871,-2024000000,8523000000,0.12071725,1866000000,5760000000,0.0815829356,22.27,22,258603000,261806000,https://www.sec.gov/Archives/edgar/data/860730/000095017025020134/0000950170-25-020134-index.htm,https://www.sec.gov/Archives/edgar/data/860730/000095017025020134/hca-20241231.htm
2023-12-31,HCA,USD,0000860730,2024-02-16,2024-02-16 17:03:58,2023,FY,64968000000,55341000000,9627000000,0.1481806428,0,0,0,0,0,0,55341000000,0,1938000000,3077000000,12721000000,0.1958040882,9627000000,0.1481806428,-1921000000,7706000000,0.1186122399,1615000000,5242000000,0.0806858761,19.24,18.96,272404000,276412000,https://www.sec.gov/Archives/edgar/data/860730/000095017024016524/0000950170-24-016524-index.htm,https://www.sec.gov/Archives/edgar/data/860730/000095017024016524/hca-20231231.htm
2022-12-31,HCA,USD,0000860730,2023-02-17,2023-02-17 17:12:43,2022,FY,60233000000,51180000000,9053000000,0.1502996696,0,0,0,0,0,0,51180000000,0,1739000000,2969000000,13288000000,0.2206099646,9053000000,0.1502996696,-473000000,8580000000,0.1424468315,1746000000,5643000000,0.0936861853,19.44,19.15,290348000,294666000,https://www.sec.gov/Archives/edgar/data/860730/000095017023003234/0000950170-23-003234-index.htm,https://www.sec.gov/Archives/edgar/data/860730/000095017023003234/hca-20221231.htm
2021-12-31,HCA,USD,0000860730,2022-02-18,2022-02-18 17:01:34,2021,FY,58752000000,49074000000,9678000000,0.1647263072,0,0,0,0,0,0,49074000000,0,1529000000,2853000000,14215000000,0.2419492102,9678000000,0.1647263072,155000000,9833000000,0.1673645153,2112000000,6956000000,0.1183959695,21.51,21.16,323315000,328752000,https://www.sec.gov/Archives/edgar/data/860730/000119312522046707/0001193125-22-046707-index.htm,https://www.sec.gov/Archives/edgar/data/860730/000119312522046707/d32297d10k.htm
2020-12-31,HCA,USD,0000860730,2021-02-19,2021-02-19 16:28:21,2020,FY,51533000000,44271000000,7262000000,0.1409194109,0,0,0,0,0,0,44271000000,0,1560000000,2721000000,9711000000,0.1884423573,7262000000,0.1409194109,-1832000000,5430000000,0.105369375,1043000000,3754000000,0.0728465255,11.1,10.93,338274000,343605000,https://www.sec.gov/Archives/edgar/data/860730/000119312521048994/0001193125-21-048994-index.htm,https://www.sec.gov/Archives/edgar/data/860730/000119312521048994/d37951d10k.htm
2019-12-31,HCA,USD,0000860730,2020-02-20,2020-02-20 16:20:31,2019,FY,51336000000,43621000000,7715000000,0.1502844008,0,0,0,0,497000000,497000000,44118000000,0,1841000000,2596000000,9681000000,0.1885811127,7218000000,0.1406030856,-1974000000,5244000000,0.1021505376,1099000000,3505000000,0.068275674,10.27,10.07,341210000,348226000,https://www.sec.gov/Archives/edgar/data/860730/000119312520043524/0001193125-20-043524-index.htm,https://www.sec.gov/Archives/edgar/data/860730/000119312520043524/d864235d10k.htm
2018-12-31,HCA,USD,0000860730,2019-02-21,2019-02-21 16:37:08,2018,FY,46677000000,39637000000,7040000000,0.1508237462,0,0,0,0,447000000,447000000,40084000000,0,1765000000,2278000000,9378000000,0.2009126551,6593000000,0.1412472952,-1258000000,5335000000,0.1142961201,946000000,3787000000,0.081132035,11.04,10.66,342895200,355303000,https://www.sec.gov/Archives/edgar/data/860730/000119312519047078/0001193125-19-047078-index.htm,https://www.sec.gov/Archives/edgar/data/860730/000119312519047078/d676301d10k.htm
2017-12-31,HCA,USD,0000860730,2018-02-23,2018-02-23 16:41:25,2017,FY,43614000000,37091000000,6523000000,0.1495620672,0,0,0,0,466000000,466000000,37557000000,0,1670000000,2131000000,8182000000,0.1876003118,6057000000,0.1388774247,-1676000000,4381000000,0.100449397,1638000000,2216000000,0.0508093731,6.33,5.95,350091600,372221000,https://www.sec.gov/Archives/edgar/data/860730/000119312518056057/0001193125-18-056057-index.htm,https://www.sec.gov/Archives/edgar/data/860730/000119312518056057/d490041d10k.htm
2016-12-31,HCA,USD,0000860730,2017-02-22,2017-02-22 17:15:27,2016,FY,41490000000,34874000000,6616000000,0.1594601109,0,0,0,0,430000000,430000000,35304000000,0,1598000000,1966000000,8374000000,0.2018317667,6186000000,0.1490961678,-1376000000,4810000000,0.1159315498,1378000000,2890000000,0.0696553386,7.8,7.3,370535900,395851000,https://www.sec.gov/Archives/edgar/data/860730/000119312517052253/0001193125-17-052253-index.htm,https://www.sec.gov/Archives/edgar/data/860730/000119312517052253/d299981d10k.htm
2015-12-31,HCA,USD,0000860730,2016-02-26,2016-02-26 16:56:58,2015,FY,39678000000,33416000000,6262000000,0.1578204547,0,0,0,0,344000000,344000000,33760000000,0,1540000000,1904000000,7401000000,0.1865265386,5918000000,0.1491506628,-1961000000,3957000000,0.0997278089,1261000000,2129000000,0.0536569384,5.34,4.99,398738700,426721000,https://www.sec.gov/Archives/edgar/data/860730/000119312516482165/0001193125-16-482165-index.htm,https://www.sec.gov/Archives/edgar/data/860730/000119312516482165/d93001d10k.htm
2014-12-31,HCA,USD,0000860730,2015-02-26,2015-02-26 17:06:22,2014,FY,36918000000,31083000000,5835000000,0.1580529823,0,0,0,0,395000000,395000000,31478000000,0,1611000000,1820000000,6912000000,0.1872257435,5440000000,0.1473535945,-1959000000,3481000000,0.0942900482,1108000000,1875000000,0.0507882334,4.46,4.16,420477900,450352000,https://www.sec.gov/Archives/edgar/data/860730/000119312515065975/0001193125-15-065975-index.htm,https://www.sec.gov/Archives/edgar/data/860730/000119312515065975/d852730d10k.htm
2013-12-31,HCA,USD,0000860730,2014-02-26,2014-02-26 17:09:19,2013,FY,34182000000,29305000000,4877000000,0.1426774326,0,0,0,0,314000000,314000000,29619000000,0,1717000000,1753000000,6416000000,0.1877011292,4563000000,0.1334913112,-1617000000,2946000000,0.0861857118,950000000,1556000000,0.0455210345,3.54,3.37,439604000,461913000,https://www.sec.gov/Archives/edgar/data/860730/000119312514070000/0001193125-14-070000-index.htm,https://www.sec.gov/Archives/edgar/data/860730/000119312514070000/d660799d10k.htm
2012-12-31,HCA,USD,0000860730,2013-02-27,2013-02-26 19:07:05,2012,FY,33013000000,28205000000,4808000000,0.1456395965,0,0,0,0,331000000,331000000,28536000000,0,1676000000,1679000000,6249000000,0.1892890679,4477000000,0.1356132433,-1583000000,2894000000,0.087662436,888000000,1605000000,0.0486172114,3.62,3.49,443200200,459403000,https://www.sec.gov/Archives/edgar/data/860730/000119312513077574/0001193125-13-077574-index.htm,https://www.sec.gov/Archives/edgar/data/860730/000119312513077574/d453828d10k.htm
2011-12-31,HCA,USD,0000860730,2012-02-24,2012-02-23 19:32:31,2011,FY,32506000000,25255000000,4427000000,0.1361902418,0,0,0,0,244000000,244000000,25499000000,0,1696000000,1465000000,6722000000,0.2067925921,4183000000,0.1286839353,-622000000,3561000000,0.1095490063,719000000,2465000000,0.0758321541,5.17,4.97,476609000,495943000,https://www.sec.gov/Archives/edgar/data/860730/000119312512075882/0001193125-12-075882-index.htm,https://www.sec.gov/Archives/edgar/data/860730/000119312512075882/d264514d10k.htm
2010-12-31,HCA,USD,0000860730,2011-02-17,2011-02-17 17:18:52,2010,FY,30683000000,23648000000,4387000000,0.1429781964,0,0,0,0,222000000,222000000,23870000000,0,2097000000,1421000000,5749000000,0.1873675977,4165000000,0.1357429195,-1934000000,2231000000,0.0727112733,658000000,1207000000,0.039337744,2.83,2.76,426424000,437347000,https://www.sec.gov/Archives/edgar/data/860730/000095012311015233/0000950123-11-015233-index.htm,https://www.sec.gov/Archives/edgar/data/860730/000095012311015233/g25905e10vk.htm
2009-12-31,HCA,USD,0000860730,2010-03-01,2010-03-01 14:55:35,2009,FY,30052000000,22970000000,7082000000,0.2356581925,0,0,0,0,0,0,26246000000,0,1642000000,1425000000,5069000000,0.1686742979,3806000000,0.1266471449,-1804000000,2002000000,0.0666178624,627000000,1054000000,0.0350725409,3.08,3.02,341932000,348712000,https://www.sec.gov/Archives/edgar/data/860730/000095012310019197/0000950123-10-019197-index.htm,https://www.sec.gov/Archives/edgar/data/860730/000095012310019197/g22062e10vk.htm
2008-12-31,HCA,USD,0000860730,2009-03-04,2009-03-04 17:10:32,2008,FY,28374000000,22030000000,6344000000,0.2235849722,0,0,0,0,0,0,25439000000,0,2021000000,1416000000,4607000000,0.1623669557,2935000000,0.1034397688,-1765000000,1170000000,0.0412349334,268000000,673000000,0.0237188976,1.97,1.93,341932000,348712000,https://www.sec.gov/Archives/edgar/data/860730/000095014409001868/0000950144-09-001868-index.htm,https://www.sec.gov/Archives/edgar/data/860730/000095014409001868/g17725e10vk.htm
2007-12-31,HCA,USD,0000860730,2008-03-28,2008-03-27 21:54:34,2007,FY,26858000000,20776000000,6082000000,0.2264502197,0,0,0,0,0,0,23906000000,0,2215000000,1426000000,5039000000,0.1876163527,2952000000,0.1099113858,-1554000000,1398000000,0.0520515303,316000000,874000000,0.0325415146,2.56,2.51,341932000,348712000,https://www.sec.gov/Archives/edgar/data/860730/000095014408002348/0000950144-08-002348-index.htm,https://www.sec.gov/Archives/edgar/data/860730/000095014408002348/g12029e10vk.htm
2006-12-31,HCA,USD,0000860730,2007-03-27,2007-03-27 15:48:12,2006,FY,25477000000,0,0,0,0,0,0,13069000000,8379000000,21448000000,22839000000,0,955000000,1391000000,4208000000,0.1651685834,2638000000,0.1035443734,-776000000,1862000000,0.0730855281,625000000,1036000000,0.0406641284,2.57,2.53,403398000,410205000,https://www.sec.gov/Archives/edgar/data/860730/000095014407002713/0000950144-07-002713-index.htm,https://www.sec.gov/Archives/edgar/data/860730/000095014407002713/g05969e10vk.htm
2005-12-31,HCA,USD,0000860730,2006-03-14,2006-03-14 17:23:13,2005,FY,24455000000,0,0,0,0,0,0,12286000000,8165000000,20451000000,21825000000,0,655000000,1374000000,4356000000,0.1781230832,2630000000,0.1075444694,-303000000,2327000000,0.0951543652,725000000,1424000000,0.0582294009,3.24,3.18,440016000,447500000,https://www.sec.gov/Archives/edgar/data/860730/000095014406002233/0000950144-06-002233-index.htm,https://www.sec.gov/Archives/edgar/data/860730/000095014406002233/g99681e10vk.htm
2004-12-31,HCA,USD,0000860730,2005-03-11,2005-03-11 15:06:27,2004,FY,23502000000,14570000000,8932000000,0.3800527615,0,0,0,2669000000,3797000000,6466000000,21036000000,0,563000000,1250000000,3954000000,0.1682410008,2466000000,0.1049272402,-325000000,2141000000,0.0910986299,727000000,1246000000,0.0530167645,2.62,2.58,475620000,483663000,https://www.sec.gov/Archives/edgar/data/860730/000095014405002397/0000950144-05-002397-index.htm,https://www.sec.gov/Archives/edgar/data/860730/000095014405002397/g93199e10vk.htm
2003-12-31,HCA,USD,0000860730,2004-03-12,2004-03-12 14:16:46,2003,FY,21808000000,0,21808000000,1,0,0,0,8682000000,0,19011000000,19011000000,0,0,1112000000,4039000000,0.1852072634,2927000000,0.1342168012,-771000000,2156000000,0.0988628026,824000000,1332000000,0.0610785033,2.66,2.61,500751880,510344828,https://www.sec.gov/Archives/edgar/data/860730/000095014404002392/0000950144-04-002392-index.htm,https://www.sec.gov/Archives/edgar/data/860730/000095014404002392/g87412e10vk.htm
2002-12-31,HCA,USD,0000860730,2003-03-28,2003-03-28 17:16:34,2002,FY,19729000000,0,19729000000,1,0,0,0,7952000000,0,17680000000,17680000000,0,0,1010000000,3078000000,0.1560139896,2068000000,0.1048203153,-594000000,1455000000,0.0737493031,622000000,833000000,0.0422221096,1.63,1.59,511042945,523899371,https://www.sec.gov/Archives/edgar/data/860730/000095014403004080/0000950144-03-004080-index.htm,https://www.sec.gov/Archives/edgar/data/860730/000095014403004080/g80778e10vk.htm
2001-12-31,HCA,USD,0000860730,2002-04-01,2002-04-01 00:00:00,2001,FY,17953000000,0,17953000000,1,0,0,0,7279000000,0,15728000000,15728000000,0,0,1048000000,3290000000,0.1832562803,2307000000,0.1285022002,-720000000,1505000000,0.0838300006,602000000,886000000,0.0493510834,1.69,1.65,524260355,536969697,https://www.sec.gov/Archives/edgar/data/860730/000095014402003256/0000950144-02-003256-index.htm,https://www.sec.gov/Archives/edgar/data/860730/000095014402003256/g74708e10-k405.txt
2000-12-31,HCA,USD,0000860730,2001-03-30,2001-03-30 00:00:00,2000,FY,16670000000,0,16670000000,1,0,0,0,6639000000,0,15449000000,15449000000,0,0,1033000000,2433000000,0.1459508098,1400000000,0.0839832034,-16037000000,516000000,0.0309538092,297000000,219000000,0.0131373725,0.39,0.4,547511500,553925500,https://www.sec.gov/Archives/edgar/data/860730/000095014401004301/0000950144-01-004301-index.htm,https://www.sec.gov/Archives/edgar/data/860730/000095014401004301/g67490e10-k.txt
1999-12-31,HCA,USD,0000860730,2000-03-30,2000-03-30 00:00:00,1999,FY,16657000000,0,16657000000,1,0,0,0,6749000000,0,14786000000,14786000000,0,0,1094000000,3301000000,0.1981749415,2207000000,0.1324968482,-15210000000,1227000000,0.0736627244,570000000,657000000,0.0394428769,1.12,1.11,660714286,666666667,https://www.sec.gov/Archives/edgar/data/860730/000095014400004018/0000950144-00-004018-index.html,https://www.sec.gov/Archives/edgar/data/860730/000095014400004018/
1998-12-31,HCA,USD,0000860730,1999-03-30,1999-03-30 00:00:00,1998,FY,18681000000,0,18681000000,1,0,0,0,7811000000,0,16858000000,16858000000,0,0,1247000000,18681000000,1,2476000000,0.1325410845,-15811000000,1081000000,0.0578662812,549000000,379000000,0.0202879931,0.73,0.73,645205479,645205479,https://www.sec.gov/Archives/edgar/data/860730/000095014499003522/0000950144-99-003522-index.html,https://www.sec.gov/Archives/edgar/data/860730/0000950144-99-003522.txt
1997-12-31,HCA,USD,0000860730,1998-03-31,1998-03-31 00:00:00,1997,FY,18819000000,0,18819000000,1,0,0,0,7631000000,0,17648000000,17648000000,0,0,1238000000,2851000000,0.1514958287,1753000000,0.0931505393,-783000000,388000000,0.0206174611,206000000,-305000000,-0.0162070248,-0.46,-0.46,663043478,663043478,https://www.sec.gov/Archives/edgar/data/860730/000093066198000717/0000930661-98-000717-index.html,https://www.sec.gov/Archives/edgar/data/860730/0000930661-98-000717.txt
1996-12-31,HCA,USD,0000860730,1996-12-31,1996-12-31 00:00:00,1996,FY,19909000000,0,19909000000,1,0,0,0,7842000000,0,16755000000,16755000000,0,0,1155000000,4309000000,0.2164347782,3154000000,0.1584208147,-456000000,2515000000,0.1263247777,1010000000,1505000000,0.0755939525,2.24,2.22,671875000,677927928,,
1995-12-31,HCA,USD,0000860730,1996-04-01,1996-04-01 00:00:00,1995,FY,17695000000,0,17695000000,1,0,0,0,7101000000,0,15343000000,15343000000,0,0,981000000,3333000000,0.1883582933,2352000000,0.1329189036,-930000000,1779000000,0.1005368748,715000000,961000000,0.0543091269,1.44,1.43,667361111,672027972,https://www.sec.gov/Archives/edgar/data/860730/000093066196000230/0000930661-96-000230-index.html,https://www.sec.gov/Archives/edgar/data/860730/0000930661-96-000230.txt
1994-12-31,HCA,USD,0000860730,1995-11-14,1995-11-14 00:00:00,1994,FY,11132000000,0,11132000000,1,0,0,0,0,0,9624000000,9624000000,0,0,609000000,2117000000,0.1901724757,1508000000,0.1354653252,-277000000,1231000000,0.1105821056,486000000,630000000,0.056593604,1.17,1.8,539264802,516666667,https://www.sec.gov/Archives/edgar/data/860730/000093066195000469/0000930661-95-000469-index.html,https://www.sec.gov/Archives/edgar/data/860730/
1993-12-31,HCA,USD,0000860730,1994-12-13,1994-12-13 00:00:00,1993,FY,10252000000,3512000000,6740000000,0.6574326961,0,0,0,4757000000,0,5356000000,8868000000,0,0,-599000000,2068000000,0.2017167382,2667000000,0.2601443621,-415000000,969000000,0.0945181428,394000000,507000000,0.0494537651,1.05,1.03,482857143,492233010,https://www.sec.gov/Archives/edgar/data/860730/000095013094001717/0000950130-94-001717-index.html,https://www.sec.gov/Archives/edgar/data/860730/
1992-12-31,HCA,USD,0000860730,1992-12-31,1992-12-31 00:00:00,1992,FY,761600000,230500000,531100000,0.6973476891,0,0,0,452000000,0,490300000,720800000,0,0,-38300000,21400000,0.0280987395,59700000,0.078387605,1900000,42700000,0.0560661765,16800000,25500000,0.0334821429,0.78,0.78,32692308,32692308,,
1991-12-31,HCA,USD,0000860730,1991-12-31,1991-12-31 00:00:00,1991,FY,461000000,135300000,325700000,0.7065075922,0,0,0,283400000,0,305900000,441200000,0,0,-22500000,3900000,0.0084598698,26400000,0.0572668113,5200000,25000000,0.0542299349,9800000,15200000,0.0329718004,0.61,0.61,24918033,24918033,,
1990-12-31,HCA,USD,0000860730,1990-12-31,1990-12-31 00:00:00,1990,FY,272600000,81300000,191300000,0.7017608217,0,0,0,162200000,0,174100000,255400000,0,0,-11900000,11400000,0.0418195158,23300000,0.0854732208,-3700000,13500000,0.0495231108,3700000,9800000,0.0359501101,0.55,0.55,17818182,17818182,,
