date,symbol,reportedCurrency,cik,fillingDate,acceptedDate,calendarYear,period,revenue,costOfRevenue,grossProfit,grossProfitRatio,researchAndDevelopmentExpenses,generalAndAdministrativeExpenses,sellingAndMarketingExpenses,sellingGeneralAndAdministrativeExpenses,otherExpenses,operatingExpenses,costAndExpenses,interestIncome,interestExpense,depreciationAndAmortization,ebitda,ebitdaratio,operatingIncome,operatingIncomeRatio,totalOtherIncomeExpensesNet,incomeBeforeTax,incomeBeforeTaxRatio,incomeTaxExpense,netIncome,netIncomeRatio,eps,epsdiluted,weightedAverageShsOut,weightedAverageShsOutDil,link,finalLink
2024-12-31,MAA,USD,0000912595,2025-02-07,2025-02-07 16:16:04,2024,FY,2191015000,1477748000,713267000,0.3255418151,0,56516000,0,56516000,0,56516000,1534264000,0,168544000,586402000,1299811000,0.5932460526,656751000,0.2997473774,-111886000,544865000,0.2486815471,5240000,527543000,0.2407756223,4.49,4.49,116776000,116776000,https://www.sec.gov/Archives/edgar/data/912595/000095017025016287/0000950170-25-016287-index.htm,https://www.sec.gov/Archives/edgar/data/912595/000095017025016287/maa-20241231.htm
2023-12-31,MAA,USD,0000912595,2024-02-09,2024-02-09 16:16:29,2023,FY,2148468000,1400988000,747480000,0.3479130245,0,58578000,0,58578000,0,58578000,1459566000,0,149234000,565857000,1285936000,0.5985362593,688902000,0.3206480152,-118057000,570845000,0.265698628,4744000,552806000,0.2573024127,4.71,4.71,116521000,116645000,https://www.sec.gov/Archives/edgar/data/912595/000095017024013275/0000950170-24-013275-index.htm,https://www.sec.gov/Archives/edgar/data/912595/000095017024013275/maa-20231231.htm
2022-12-31,MAA,USD,0000912595,2023-02-14,2023-02-14 16:07:25,2022,FY,2019866000,1332155000,687711000,0.340473576,0,58833000,0,58833000,0,58833000,1390988000,0,154747000,544004000,1345740000,0.6662521177,628878000,0.3113463962,18111000,646989000,0.3203128326,-6208000,637436000,0.315583311,5.49,5.48,115344000,115583000,https://www.sec.gov/Archives/edgar/data/912595/000095017023002778/0000950170-23-002778-index.htm,https://www.sec.gov/Archives/edgar/data/912595/000095017023002778/maa-20221231.htm
2021-12-31,MAA,USD,0000912595,2022-02-17,2022-02-17 16:11:36,2021,FY,1778082000,1260330000,517752000,0.2911856709,0,52884000,0,52884000,0,52884000,1313214000,0,156881000,534415000,1254424000,0.7054927725,464868000,0.2614435105,98260000,563128000,0.3167053038,13637000,533791000,0.3002060647,4.62,4.61,114717000,115039000,https://www.sec.gov/Archives/edgar/data/912595/000095017022001423/0000950170-22-001423-index.htm,https://www.sec.gov/Archives/edgar/data/912595/000095017022001423/maa-20211231.htm
2020-12-31,MAA,USD,0000912595,2021-02-18,2021-02-18 16:13:26,2020,FY,1677984000,1203613000,474371000,0.282702934,0.15842880504224116,46858000,0,46858000,0,46858000,1250471000,0,167562000,511678000,945081000,0.5632240832,427513000,0.2547777571,-161672000,265841000,0.158428805,3327000,254624000,0.1517439976,2.2,2.19,114188000,114500000,https://www.sec.gov/Archives/edgar/data/912595/000156459021006666/0001564590-21-006666-index.htm,https://www.sec.gov/Archives/edgar/data/912595/000156459021006666/maa-10k_20201231.htm
2019-12-31,MAA,USD,0000912595,2020-02-20,2020-02-20 16:49:53,2019,FY,1641017000,1164699000,476318000,0.2902578096,0.22465337044040373,43845000,0,43845000,0,43845000,1208544000,0,179847000,497790000,1046297000,0.6375905917,432473000,0.2635396221,-63813000,368660000,0.2246533704,3696000,353811000,0.2156047134,3,2.99,117944000,118203000,https://www.sec.gov/Archives/edgar/data/912595/000156459020005582/0001564590-20-005582-index.htm,https://www.sec.gov/Archives/edgar/data/912595/000156459020005582/maa-10k_20191231.htm
2018-12-31,MAA,USD,0000912595,2019-02-21,2019-02-21 17:25:24,2018,FY,1571346000,1131980000,439366000,0.2796112378,0.14751747864569612,38855000,0,38855000,0,38855000,1170835000,0,173594000,490995000,896390000,0.5704599751,400511000,0.2548840294,-168710000,231801000,0.1475174786,2611000,222899000,0.1418522719,1.89,1.89,117777000,117975000,https://www.sec.gov/Archives/edgar/data/912595/000091259519000015/0000912595-19-000015-index.htm,https://www.sec.gov/Archives/edgar/data/912595/000091259519000015/maa12312018-10k.htm
2017-12-31,MAA,USD,0000912595,2018-02-23,2018-02-22 19:05:43,2017,FY,1528987000,1114027000,414960000,0.2713953748,0.2235368907649313,40194000,0,40194000,0,60184000,1174211000,0,154751000,494540000,991076000,0.6481912534,354776000,0.2320333659,-12991000,341785000,0.2235368908,2619000,328379000,0.2147689941,2.86,2.86,113407000,113687000,https://www.sec.gov/Archives/edgar/data/912595/000091259518000011/0000912595-18-000011-index.htm,https://www.sec.gov/Archives/edgar/data/912595/000091259518000011/maa12312017-10k.htm
2016-12-31,MAA,USD,0000912595,2017-02-24,2017-02-24 16:35:48,2016,FY,1125348000,780407000,344941000,0.3065194056,0.2007023605142587,29040000,0,29040000,0,72791000,853198000,0,129947000,323283000,679090000,0.6034488887,272150000,0.2418363031,-46290000,225860000,0.2007023605,1699000,212222000,0.1885834426,2.69,2.69,78502000,78800000,https://www.sec.gov/Archives/edgar/data/912595/000091259517000005/0000912595-17-000005-index.htm,https://www.sec.gov/Archives/edgar/data/912595/000091259517000005/maa12312016-10k.htm
2015-12-31,MAA,USD,0000912595,2016-02-26,2016-02-25 21:27:24,2015,FY,1042779000,726155000,316624000,0.3036348066,0,25716000,0,25716000,-368000,25716000,751871000,0,122344000,294897000,769661000,0.7380864018,290908000,0.2789737806,61512000,352420000,0.3379623103,1673000,332287000,0.3186552472,4.41,4.41,75176000,75176000,https://www.sec.gov/Archives/edgar/data/912595/000091259516000032/0000912595-16-000032-index.htm,https://www.sec.gov/Archives/edgar/data/912595/000091259516000032/maa12312015-10k.htm
2014-12-31,MAA,USD,0000912595,2015-02-25,2015-02-25 07:03:34,2014,FY,989296000,727255000,265077000,0.2679450842,0,20909000,0,20909000,0,34844000,762099000,770000,123953000,301744000,572684000,0.5788803351,230233000,0.2327240785,-83246000,145109000,0.1466790526,2050000,147980000,0.1495811163,1.97,1.97,74982000,74982000,https://www.sec.gov/Archives/edgar/data/912595/000091259515000007/0000912595-15-000007-index.htm,https://www.sec.gov/Archives/edgar/data/912595/000091259515000007/maa12312014-10k.htm
2013-12-31,MAA,USD,0000912595,2014-02-21,2014-02-21 16:12:53,2013,FY,634734000,463695000,171795000,0.2706566845,0,15569000,0,15569000,0,54467000,518162000,466000,78978000,189673000,306898000,0.4835064767,117328000,0.1848459355,-79081000,37832000,0.0596029203,893000,115281000,0.1816209625,2.27,2.25,50677000,53116000,https://www.sec.gov/Archives/edgar/data/912595/000091259514000003/0000912595-14-000003-index.htm,https://www.sec.gov/Archives/edgar/data/912595/000091259514000003/maa12312013-10k.htm
2012-12-31,MAA,USD,0000912595,2013-02-22,2013-02-22 16:36:58,2012,FY,497165000,336641000,139247000,0.2800820653,0,13762000,0,13762000,0,15343000,351984000,430000,58751000,132195000,252362000,0.5076021039,123904000,0.2492210835,-61674000,67788000,0.1363490994,-37435000,105223000,0.211646033,2.56,2.56,41039000,42937000,https://www.sec.gov/Archives/edgar/data/912595/000091259513000003/0000912595-13-000003-index.htm,https://www.sec.gov/Archives/edgar/data/912595/000091259513000003/maa12312012-10k.htm
2011-12-31,MAA,USD,0000912595,2012-02-24,2012-02-24 16:25:42,2011,FY,448992000,299545000,110237000,0.2455210783,0,18123000,0,18123000,115605000,21442000,320987000,574000,58612000,119329000,205734000,0.4582130639,88795000,0.1977652163,-58773000,48821000,0.1087346768,-48821000,48821000,0.1087346768,1.32,1.31,36995000,39087000,https://www.sec.gov/Archives/edgar/data/912595/000114420412010851/0001144204-12-010851-index.htm,https://www.sec.gov/Archives/edgar/data/912595/000114420412010851/v300889_10k.htm
2010-12-31,MAA,USD,0000912595,2011-02-24,2011-02-24 17:05:01,2010,FY,402229000,280007000,100131000,0.2489402803,0,12354000,0,12354000,104064000,14866000,294873000,837000,55996000,106692000,191299000,0.4755972344,85265000,0.2119812346,-55290000,29761000,0.0739901897,-29761000,29761000,0.0739901897,0.57,0.56,31856000,31977000,https://www.sec.gov/Archives/edgar/data/912595/000114420411010787/0001144204-11-010787-index.htm,https://www.sec.gov/Archives/edgar/data/912595/000114420411010787/v207790_10k.htm
2009-12-31,MAA,USD,0000912595,2010-02-25,2010-02-25 17:21:49,2009,FY,378544000,159705000,218839000,0.5781071685,0,0,-186000,28540000,113655000,125509000,285214000,385000,57094000,98393000,192673000,0.5089844245,93330000,0.2465499387,-93330000,37211000,0.0983003297,-37211000,37211000,0.0983003297,0.85,0.85,28341000,28348000,https://www.sec.gov/Archives/edgar/data/912595/000114420410009958/0001144204-10-009958-index.htm,https://www.sec.gov/Archives/edgar/data/912595/000114420410009958/v174978_10k.htm
2008-12-31,MAA,USD,0000912595,2009-02-25,2009-02-25 10:32:19,2008,FY,369851000,155310000,214701000,0.5805067446,0,0,-16889000,28636000,113557000,118804000,274114000,509000,62010000,93181000,189078000,0.5112274943,95897000,0.2592854961,-95897000,30249000,0.0817869899,-30249000,30249000,0.0817869899,0.64,0.64,26943000,27084000,https://www.sec.gov/Archives/edgar/data/912595/000120677409000321/0001206774-09-000321-index.htm,https://www.sec.gov/Archives/edgar/data/912595/000120677409000321/mid-america_10k.htm
2007-12-31,MAA,USD,0000912595,2008-02-27,2008-02-27 17:23:17,2007,FY,352957000,227072000,120274000,0.3407610559,0,10808000,0,28726000,220248000,28726000,255798000,195000,39946000,88713000,180261000,0.5107166029,91548000,0.2593743714,-91548000,39946000,0.1131752593,-39946000,39946000,0.1131752593,1.01,1.01,25296000,25462000,https://www.sec.gov/Archives/edgar/data/912595/000120677408000381/0001206774-08-000381-index.htm,https://www.sec.gov/Archives/edgar/data/912595/000120677408000381/midamerica_10k.htm
2006-12-31,MAA,USD,0000912595,2007-02-28,2007-02-28 17:29:45,2006,FY,325999000,0,325999000,1,0,11886000,0,11886000,201267000,238667000,238667000,0,20945000,81424000,194270000,0.5959220734,87332000,0.2678903923,-87332000,20945000,0.0642486633,-20945000,20945000,0.0642486633,0.3,0.29,23474000,23698000,https://www.sec.gov/Archives/edgar/data/912595/000120677407000529/0001206774-07-000529-index.htm,https://www.sec.gov/Archives/edgar/data/912595/000120677407000529/midamerica_10-k.htm
2005-12-31,MAA,USD,0000912595,2006-03-01,2006-03-01 16:33:26,2005,FY,297455000,0,297455000,1,0,10354000,0,10354000,188412000,220991000,220991000,0,19744000,77061000,175750000,0.5908456741,76464000,0.2570607319,-76464000,19744000,0.0663764267,-19744000,19744000,0.0663764267,0.25,0.25,21405000,21607000,https://www.sec.gov/Archives/edgar/data/912595/000120677406000351/0001206774-06-000351-index.htm,https://www.sec.gov/Archives/edgar/data/912595/000120677406000351/d18659_10k.htm
2004-12-31,MAA,USD,0000912595,2005-03-15,2005-03-15 12:24:44,2004,FY,267784000,0,267784000,1,0,9240000,0,9240000,172161000,200998000,200998000,0,25198000,70406000,156789000,0.585505482,66786000,0.2494025035,-66786000,25198000,0.0940982284,-25198000,25198000,0.0940982284,0.51,0.5,20317000,20652000,https://www.sec.gov/Archives/edgar/data/912595/000120677405000343/0001206774-05-000343-index.htm,https://www.sec.gov/Archives/edgar/data/912595/000120677405000343/d16501_10-k.htm
2003-12-31,MAA,USD,0000912595,2004-03-12,2004-03-12 10:08:07,2003,FY,240906000,0,232717000,0.9660074884,0,7235000,0,7235000,169930000,169687000,169687000,17709000,20206000,61080000,236819000,0.9830348767,63030000,0.2616373191,-63030000,20206000,0.0838750384,-20206000,20206000,0.0838750384,-0.07,-0.07,18374000,18374000,https://www.sec.gov/Archives/edgar/data/912595/000120677404000135/0001206774-04-000135-index.htm,https://www.sec.gov/Archives/edgar/data/912595/000120677404000135/d14130.htm
2002-12-31,MAA,USD,0000912595,2003-03-31,2003-03-31 15:33:37,2002,FY,233139000,0,226676000,0.9722783404,0,6665000,0,6665000,159450000,159652000,159652000,0,16141000,57975000,284651000,1.2209497338,67024000,0.2874851483,-67024000,16141000,0.0692333758,-16141000,16141000,0.0692333758,-0.11,-0.11,17561000,17561000,https://www.sec.gov/Archives/edgar/data/912595/000120677403000218/0001206774-03-000218-index.htm,https://www.sec.gov/Archives/edgar/data/912595/000120677403000218/d12309-10k.htm
2001-12-31,MAA,USD,0000912595,2002-04-01,2002-04-01 00:00:00,2001,FY,228039000,0,228015000,0.9998947548,0,5879000,0,5879000,149191000,154832000,154832000,0,28698000,54403000,282418000,1.2384635961,73183000,0.3209231754,-73183000,28698000,0.1258468946,-28698000,28698000,0.1258468946,0.72,0.72,17427000,17532000,https://www.sec.gov/Archives/edgar/data/912595/000091205702012966/0000912057-02-012966-index.htm,https://www.sec.gov/Archives/edgar/data/912595/000091205702012966/a2074950z10-k405.txt
2000-12-31,MAA,USD,0000912595,2001-04-02,2001-04-02 00:00:00,2000,FY,224640000,0,222131000,0.9888310185,0,14826000,0,14826000,138048000,150362000,150362000,0,29787000,54602000,225835000,1.0053196225,71769000,0.3194845085,-71769000,29787000,0.1325988248,-29787000,29787000,0.1325988248,0.78,0.78,17544000,17597000,https://www.sec.gov/Archives/edgar/data/912595/000091205701506011/0000912057-01-506011-index.htm,https://www.sec.gov/Archives/edgar/data/912595/000091205701506011/a2043423z10-k405.txt
1999-12-31,MAA,USD,0000912595,2000-03-30,2000-03-30 00:00:00,1999,FY,226322000,0,236500000,1.044971324,0,39700000,0,39700000,137642000,162299000,162299000,0,33572000,53300000,402200000,1.7771140234,74201000,0.3278558867,-74201000,33572000,0.1483373247,-33572000,33500000,0.1480191939,0.93,0.93,18709677,18709677,https://www.sec.gov/Archives/edgar/data/912595/000089056600000439/0000890566-00-000439-index.html,https://www.sec.gov/Archives/edgar/data/912595/000089056600000439/
1998-12-31,MAA,USD,0000912595,1999-03-31,1999-03-31 00:00:00,1998,FY,215543000,0,215543000,1,0,11960000,0,11960000,128286000,140246000,140246000,0,26757000,48369000,123666000,0.5737416664,75297000,0.3493363273,-75297000,26757000,0.1241376431,-26757000,26757000,0.1241376431,0.82,0.82,18725000,18770000,https://www.sec.gov/Archives/edgar/data/912595/000089056699000456/0000890566-99-000456-index.html,https://www.sec.gov/Archives/edgar/data/912595/0000890566-99-000456.txt
1997-12-31,MAA,USD,0000912595,1998-04-27,1998-04-27 00:00:00,1997,FY,139116000,0,139100000,0.9998849881,0,21200000,0,21200000,81029000,87615000,87615000,0,11227000,28700000,234200000,1.6834871618,51485000,0.370086834,-51485000,11227000,0.0807024354,-11227000,11200000,0.0805083527,0.43,0.43,13720930,13720930,https://www.sec.gov/Archives/edgar/data/912595/000091259598000007/0000912595-98-000007-index.html,https://www.sec.gov/Archives/edgar/data/912595/
1996-12-31,MAA,USD,0000912595,1997-03-31,1997-03-31 00:00:00,1996,FY,111882000,0,111882000,1,0,6154000,0,6154000,90440000,96594000,96594000,0,14260000,22243000,37531000,0.3354516365,15288000,0.1366439642,-15288000,14260000,0.1274557123,-14260000,14260000,0.1274557123,1.21,1.21,10966942,10966942,https://www.sec.gov/Archives/edgar/data/912595/000091259597000011/0000912595-97-000011-index.html,https://www.sec.gov/Archives/edgar/data/912595/0000912595-97-000011.txt
1995-12-31,MAA,USD,0000912595,1995-12-31,1995-12-31 00:00:00,1995,FY,94800000,0,95000000,1.0021097046,0,14500000,0,14500000,-59800000,-45300000,-45300000,0,9800000,17300000,157600000,1.6624472574,140300000,1.4799578059,-140300000,9800000,0.1033755274,0,9800000,0.1033755274,1,1,9800000,9800000,,
1994-12-31,MAA,USD,0000912595,1994-12-31,1994-12-31 00:00:00,1994,FY,51300000,0,51300000,1,0,8900000,0,8900000,-32200000,-23300000,-23300000,0,7000000,9200000,83800000,1.6335282651,74600000,1.4541910331,-74600000,7000000,0.1364522417,-7000000,7000000,0.1364522417,1.01,1.01,6930693,6930693,,
