date,symbol,reportedCurrency,cik,fillingDate,acceptedDate,calendarYear,period,revenue,costOfRevenue,grossProfit,grossProfitRatio,researchAndDevelopmentExpenses,generalAndAdministrativeExpenses,sellingAndMarketingExpenses,sellingGeneralAndAdministrativeExpenses,otherExpenses,operatingExpenses,costAndExpenses,interestIncome,interestExpense,depreciationAndAmortization,ebitda,ebitdaratio,operatingIncome,operatingIncomeRatio,totalOtherIncomeExpensesNet,incomeBeforeTax,incomeBeforeTaxRatio,incomeTaxExpense,netIncome,netIncomeRatio,eps,epsdiluted,weightedAverageShsOut,weightedAverageShsOutDil,link,finalLink
2024-12-31,ON,USD,0001097864,2025-02-10,2025-02-10 11:50:49,2024,FY,7082300000,3866200000,3216100000,0.4541038928,612700000,376300000,273500000,649800000,185900000,1448400000,5314600000,111400000,62300000,642900000,2542600000,0.359007667,1767700000,0.2495940584,69700000,1837400000,0.2594354941,262800000,1572800000,0.2220747497,3.68,3.63,427400000,432700000,https://www.sec.gov/Archives/edgar/data/1097864/000162828025004557/0001628280-25-004557-index.htm,https://www.sec.gov/Archives/edgar/data/1097864/000162828025004557/on-20241231.htm
2023-12-31,ON,USD,0001097864,2024-02-05,2024-02-05 11:27:48,2023,FY,8253000000,4369500000,3883500000,0.4705561614,577300000,362400000,279100000,641500000,126000000,1344800000,5714300000,93100000,74800000,609500000,3220100000,0.3901732703,2538700000,0.3076093542,-2900000,2535800000,0.3072579668,350200000,2183700000,0.2645946928,5.07,4.89,430700000,446800000,https://www.sec.gov/Archives/edgar/data/1097864/000162828024003201/0001628280-24-003201-index.htm,https://www.sec.gov/Archives/edgar/data/1097864/000162828024003201/on-20231231.htm
2022-12-31,ON,USD,0001097864,2023-02-06,2023-02-06 10:50:17,2022,FY,8326200000,4249000000,4077200000,0.4896831688,600200000,343200000,287900000,631100000,485900000,1717200000,5966200000,15500000,94900000,551800000,3008900000,0.361377339,2360000000,0.2834426269,2200000,2362200000,0.2837068531,458400000,1902200000,0.2284595614,4.39,4.25,433200000,448200000,https://www.sec.gov/Archives/edgar/data/1097864/000162828023002350/0001628280-23-002350-index.htm,https://www.sec.gov/Archives/edgar/data/1097864/000162828023002350/on-20221231.htm
2021-12-31,ON,USD,0001097864,2022-02-14,2022-02-14 09:20:06,2021,FY,6739800000,4025500000,2714300000,0.4027270839,655000000,304800000,293600000,598400000,173300000,1426700000,5452200000,1400000,130400000,596700000,1884900000,0.2796670524,1287600000,0.1910442446,-129800000,1157800000,0.1717855129,146600000,1009600000,0.1497967299,2.37,2.27,425700000,443800000,https://www.sec.gov/Archives/edgar/data/1097864/000162828022002416/0001628280-22-002416-index.htm,https://www.sec.gov/Archives/edgar/data/1097864/000162828022002416/on-20211231.htm
2020-12-31,ON,USD,0001097864,2021-02-16,2021-02-16 11:50:24,2020,FY,5255000000,3539200000,1715800000,0.3265080875,642900000,258700000,278700000,537400000,186800000,1367100000,4906300000,4900000,168400000,625100000,970100000,0.184605138,348700000,0.0663558516,-172100000,176600000,0.0336060894,-59800000,234200000,0.044567079,0.57,0.56,410700000,418800000,https://www.sec.gov/Archives/edgar/data/1097864/000162828021002219/0001628280-21-002219-index.htm,https://www.sec.gov/Archives/edgar/data/1097864/000162828021002219/on-20201231.htm
2019-12-31,ON,USD,0001097864,2020-02-19,2020-02-19 14:25:39,2019,FY,5517900000,3544300000,1973600000,0.3576723029,640900000,284000000,301000000,585000000,115200000,1341100000,4885400000,10200000,148300000,593100000,1018000000,0.1844904764,632500000,0.1146269414,-355900000,276600000,0.050127766,62700000,211700000,0.0383660451,0.52,0.51,410900000,416000000,https://www.sec.gov/Archives/edgar/data/1097864/000119312520041751/0001193125-20-041751-index.htm,https://www.sec.gov/Archives/edgar/data/1097864/000119312520041751/d864442d10k.htm
2018-12-31,ON,USD,0001097864,2019-02-20,2019-02-20 11:58:50,2018,FY,5878300000,3639600000,2238700000,0.3808413997,650700000,293300000,324700000,618000000,111700000,1380400000,5020000000,6100000,128200000,508700000,1391900000,0.2367861457,858300000,0.146011602,-103300000,755000000,0.1284384941,125100000,627400000,0.106731538,1.48,1.44,423800000,435900000,https://www.sec.gov/Archives/edgar/data/1097864/000119312519045025/0001193125-19-045025-index.htm,https://www.sec.gov/Archives/edgar/data/1097864/000119312519045025/d664850d10k.htm
2017-12-31,ON,USD,0001097864,2018-02-21,2018-02-21 11:26:44,2017,FY,5543100000,3507500000,2035600000,0.3672313326,594700000,285000000,316600000,601600000,123800000,1320100000,4827600000,3000000,141200000,481900000,1170600000,0.2111814689,715500000,0.129079396,-168000000,547500000,0.0987714456,-265500000,810700000,0.1462539012,1.92,1.89,421900000,428300000,https://www.sec.gov/Archives/edgar/data/1097864/000119312518051397/0001193125-18-051397-index.htm,https://www.sec.gov/Archives/edgar/data/1097864/000119312518051397/d508456d10k.htm
2016-12-31,ON,USD,0001097864,2017-02-28,2017-02-28 15:57:57,2016,FY,3906900000,2606400000,1300500000,0.33287261,446800000,230000000,236700000,466700000,104800000,1018300000,3624700000,4500000,145300000,364100000,690000000,0.176610612,282200000,0.0722311807,-101600000,180600000,0.046225908,-3900000,182100000,0.0466098441,0.44,0.43,415200000,420000000,https://www.sec.gov/Archives/edgar/data/1097864/000119312517062207/0001193125-17-062207-index.htm,https://www.sec.gov/Archives/edgar/data/1097864/000119312517062207/d332046d10k.htm
2015-12-31,ON,USD,0001097864,2016-02-24,2016-02-24 11:25:49,2015,FY,3495800000,2302600000,1193200000,0.3413238744,396700000,182300000,204300000,386600000,135700000,919000000,3221600000,1100000,49700000,357600000,627100000,0.1793866926,274200000,0.0784369815,-54400000,219800000,0.0628754505,10800000,206200000,0.0589850678,0.49,0.48,421200000,427800000,https://www.sec.gov/Archives/edgar/data/1097864/000119312516475009/0001193125-16-475009-index.htm,https://www.sec.gov/Archives/edgar/data/1097864/000119312516475009/d138223d10k.htm
2014-12-31,ON,USD,0001097864,2015-02-27,2015-02-27 15:21:16,2014,FY,3161800000,2076900000,1084900000,0.3431273325,366600000,180900000,200000000,380900000,68400000,815900000,2892800000,1500000,34100000,268800000,494800000,0.1564931368,269000000,0.0850781201,-77100000,191900000,0.060693276,-200000,189700000,0.0599974698,0.44,0.44,439500000,443500000,https://www.sec.gov/Archives/edgar/data/1097864/000119312515069358/0001193125-15-069358-index.htm,https://www.sec.gov/Archives/edgar/data/1097864/000119312515069358/d875301d10k.htm
2013-12-31,ON,USD,0001097864,2014-02-21,2014-02-21 13:14:42,2013,FY,2782700000,1853600000,929100000,0.3338843569,334200000,148500000,171200000,319700000,33100000,687000000,2540600000,1300000,38600000,211800000,420400000,0.1510762928,242100000,0.0870018328,-72100000,170000000,0.0610917454,16400000,150400000,0.0540482265,0.37,0.36,447900000,450700000,https://www.sec.gov/Archives/edgar/data/1097864/000119312514062363/0001193125-14-062363-index.htm,https://www.sec.gov/Archives/edgar/data/1097864/000119312514062363/d675717d10k.htm
2012-12-31,ON,USD,0001097864,2013-02-26,2013-02-26 16:02:28,2012,FY,2894900000,1948600000,946300000,0.3268852119,367500000,160600000,180900000,341500000,44400000,753400000,2702000000,1500000,56100000,243600000,222800000,0.0769629348,192900000,0.0666344261,-269800000,-76900000,-0.0265639573,16000000,-97200000,-0.0335762893,-0.2,-0.2,452600000,452600000,https://www.sec.gov/Archives/edgar/data/1097864/000119312513076823/0001193125-13-076823-index.htm,https://www.sec.gov/Archives/edgar/data/1097864/000119312513076823/d476644d10k.htm
2011-12-31,ON,USD,0001097864,2012-02-22,2012-02-22 14:18:07,2011,FY,3442300000,2433500000,1008800000,0.2930598728,362500000,192400000,195100000,387500000,42700000,792700000,3226200000,1100000,68900000,229400000,336100000,0.097638207,216100000,0.0627777939,-178300000,37800000,0.0109810301,22900000,11600000,0.0033698399,0.03,0.03,446700000,457200000,https://www.sec.gov/Archives/edgar/data/1097864/000119312512072371/0001193125-12-072371-index.htm,https://www.sec.gov/Archives/edgar/data/1097864/000119312512072371/d263194d10k.htm
2010-12-31,ON,USD,0001097864,2011-02-24,2011-02-24 15:26:00,2010,FY,2313400000,1357400000,956000000,0.4132445751,248000000,129900000,145600000,275500000,31700000,555200000,1912600000,500000,61400000,166900000,534000000,0.2308290827,400800000,0.1732514913,-95100000,305700000,0.1321431659,12800000,290500000,0.1255727501,0.67,0.65,431000000,444400000,https://www.sec.gov/Archives/edgar/data/1097864/000119312511045204/0001193125-11-045204-index.htm,https://www.sec.gov/Archives/edgar/data/1097864/000119312511045204/d10k.htm
2009-12-31,ON,USD,0001097864,2010-02-25,2010-02-25 14:08:58,2009,FY,1768900000,1148200000,620700000,0.3508960371,198800000,104500000,120900000,225400000,29000000,453200000,1601400000,800000,64600000,155600000,291200000,0.1646220815,167500000,0.0946916163,-96500000,71000000,0.0401379388,7700000,61000000,0.034484708,0.14,0.14,420800000,438100000,https://www.sec.gov/Archives/edgar/data/1097864/000119312510040363/0001193125-10-040363-index.htm,https://www.sec.gov/Archives/edgar/data/1097864/000119312510040363/d10k.htm
2008-12-31,ON,USD,0001097864,2009-02-27,2009-02-27 15:42:36,2008,FY,2054800000,1309300000,781800000,0.3804749854,233900000,122400000,134400000,256800000,22900000,513600000,1822900000,6900000,79900000,142100000,-216000000,-0.1051197197,231900000,0.112857699,-669900000,-438000000,-0.2131594316,-9400000,-428900000,-0.2087307767,-1.04,-1.04,379000000,379000000,https://www.sec.gov/Archives/edgar/data/1097864/000119312509040877/0001193125-09-040877-index.htm,https://www.sec.gov/Archives/edgar/data/1097864/000119312509040877/d10k.htm
2007-12-31,ON,USD,0001097864,2008-02-12,2008-02-12 06:17:16,2007,FY,1566200000,975700000,590500000,0.3770271996,133000000,82700000,94600000,177300000,0,310300000,1286000000,13000000,38800000,92800000,382900000,0.2444770783,280200000,0.1789043545,-28900000,251300000,0.1604520495,7700000,242200000,0.1546418082,0.83,0.8,290800000,301200000,https://www.sec.gov/Archives/edgar/data/1097864/000119312508026462/0001193125-08-026462-index.htm,https://www.sec.gov/Archives/edgar/data/1097864/000119312508026462/d10k.htm
2006-12-31,ON,USD,0001097864,2007-02-23,2007-02-23 13:05:21,2006,FY,1531800000,942800000,589000000,0.3845149497,101200000,0,0,177700000,0,278900000,1221700000,0,0,84200000,394300000,0.2574095835,310100000,0.202441572,-33900000,276200000,0.1803107455,900000,272100000,0.1776341559,0.85,0.8,319800000,342100000,https://www.sec.gov/Archives/edgar/data/1097864/000119312507038100/0001193125-07-038100-index.htm,https://www.sec.gov/Archives/edgar/data/1097864/000119312507038100/d10k.htm
2005-12-31,ON,USD,0001097864,2006-02-22,2006-02-22 14:28:43,2005,FY,1260600000,842100000,418500000,0.3319847692,93700000,0,0,153900000,0,247600000,1089700000,0,0,100700000,271600000,0.2154529589,170900000,0.1355703633,-62300000,108600000,0.0861494526,1500000,100600000,0.0798032683,0.24,0.21,263300000,296800000,https://www.sec.gov/Archives/edgar/data/1097864/000119312506036587/0001193125-06-036587-index.htm,https://www.sec.gov/Archives/edgar/data/1097864/000119312506036587/d10k.htm
2004-12-31,ON,USD,0001097864,2005-03-31,2005-03-31 13:57:52,2004,FY,1266900000,857000000,409900000,0.3235456626,94400000,0,0,146000000,0,240400000,1097400000,0,0,109400000,278900000,0.2201436577,169500000,0.1337911437,-282500000,-113000000,-0.0891940958,7400000,-123700000,-0.0976399084,-0.5,-0.5,247800000,247800000,https://www.sec.gov/Archives/edgar/data/1097864/000119312505066747/0001193125-05-066747-index.htm,https://www.sec.gov/Archives/edgar/data/1097864/000119312505066747/d10k.htm
2003-12-31,ON,USD,0001097864,2004-03-22,2004-03-22 15:27:01,2003,FY,1069100000,768100000,301000000,0.281545225,85500000,0,0,127900000,5900000,219300000,987400000,0,0,136500000,218200000,0.2040969039,81700000,0.0764194182,-218000000,-136300000,-0.1274904125,7700000,-166700000,-0.1559255449,-0.89,-0.89,187400000,187400000,https://www.sec.gov/Archives/edgar/data/1097864/000119312504046448/0001193125-04-046448-index.htm,https://www.sec.gov/Archives/edgar/data/1097864/000119312504046448/d10ka.htm
2002-12-31,ON,USD,0001097864,2003-03-25,2003-03-24 20:50:45,2002,FY,1093700000,795600000,298100000,0.2725610314,81500000,0,0,150000000,11900000,243400000,1039000000,0,0,156100000,210800000,0.1927402396,54700000,0.0500137149,-184300000,-129600000,-0.1184968456,9500000,-141900000,-0.129743074,-0.81,-0.81,175600000,175600000,https://www.sec.gov/Archives/edgar/data/1097864/000095015303000532/0000950153-03-000532-index.htm,https://www.sec.gov/Archives/edgar/data/1097864/000095015303000532/p67558e10vk.htm
2001-12-31,ON,USD,0001097864,2002-03-29,2002-03-29 00:00:00,2001,FY,1223200000,997700000,225500000,0.184352518,94500000,0,0,190300000,22600000,307400000,1305100000,0,0,183100000,101200000,0.0827338129,-81900000,-0.0669555265,-286900000,-368800000,-0.3015042511,345800000,-831400000,-0.6796926095,-4.79,-4.79,173400000,173400000,https://www.sec.gov/Archives/edgar/data/1097864/000095015302000606/0000950153-02-000606-index.htm,https://www.sec.gov/Archives/edgar/data/1097864/000095015302000606/p66274e10-k405.htm
2000-12-31,ON,USD,0001097864,2001-03-30,2001-03-30 00:00:00,2000,FY,2073900000,1355000000,718900000,0.3466415931,69200000,233400000,100100000,333500000,16800000,419500000,1774500000,0,131200000,165000000,464400000,0.2239259366,299400000,0.1443656878,-160700000,138700000,0.0668788273,50100000,71100000,0.0342832345,0.36,0.36,156100000,163421053,https://www.sec.gov/Archives/edgar/data/1097864/000095015301500189/0000950153-01-500189-index.htm,https://www.sec.gov/Archives/edgar/data/1097864/000095015301500189/p64753e10-k.htm
