date,symbol,reportedCurrency,cik,fillingDate,acceptedDate,calendarYear,period,revenue,costOfRevenue,grossProfit,grossProfitRatio,researchAndDevelopmentExpenses,generalAndAdministrativeExpenses,sellingAndMarketingExpenses,sellingGeneralAndAdministrativeExpenses,otherExpenses,operatingExpenses,costAndExpenses,interestIncome,interestExpense,depreciationAndAmortization,ebitda,ebitdaratio,operatingIncome,operatingIncomeRatio,totalOtherIncomeExpensesNet,incomeBeforeTax,incomeBeforeTaxRatio,incomeTaxExpense,netIncome,netIncomeRatio,eps,epsdiluted,weightedAverageShsOut,weightedAverageShsOutDil,link,finalLink
2024-12-31,SOLV,USD,0001964738,2025-02-28,2025-02-28 16:56:56,2024,FY,8254000000,3661000000,4593000000,0.5564574752,775000000,0,0,2782000000,0,3557000000,7218000000,0,367000000,555000000,1527000000,0.1850012115,1036000000,0.1255149019,-431000000,605000000,0.073297795,127000000,479000000,0.0580324691,2.77,2.76,173200000,173700000,https://www.sec.gov/Archives/edgar/data/1964738/000196473825000019/0001964738-25-000019-index.htm,https://www.sec.gov/Archives/edgar/data/1964738/000196473825000019/solv-20241231.htm
2023-12-31,SOLV,USD,0001964738,2023-12-31,2023-12-30 19:00:00,2023,FY,8197000000,3504000000,4693000000,0.5725265341,758000000,0,0,2243000000,0,3001000000,6505000000,0,0,561000000,2228000000,0.2718067586,1692000000,0.2064169818,-25000000,1667000000,0.2033670855,321000000,1346000000,0.164206417,7.7934,7.7934,172709505,172709505,,
2022-12-31,SOLV,USD,0001964738,2022-12-31,2022-12-30 19:00:00,2022,FY,8130000000,3435000000,4695000000,0.5774907749,767000000,0,0,2235000000,0,3002000000,6437000000,0,0,578000000,2270000000,0.2792127921,1693000000,0.2082410824,-1000000,1692000000,0.2081180812,349000000,1343000000,0.1651906519,7.79,7.79,172466022,172466022,,
2021-12-31,SOLV,USD,0001964738,2021-12-31,2021-12-30 19:00:00,2021,FY,8171000000,3248000000,4923000000,0.6024966344,766000000,0,0,2278000000,0,3044000000,6292000000,0,0,597000000,2476000000,0.3030228858,1879000000,0.2299596133,3000000,1882000000,0.2303267654,422000000,1460000000,0.1786807,8.47,8.47,172466022,172466022,,
2020-12-31,SOLV,USD,0001964738,2020-12-31,2020-12-30 19:00:00,2020,FY,7281000000,2966000000,4315000000,0.5926383738,719000000,0,0,2166000000,0,2885000000,5851000000,0,0,599000000,2029000000,0.2786705123,1430000000,0.1964015932,10000000,1440000000,0.1977750309,302000000,1138000000,0.1562972119,6.6,6.6,172466022,172466022,,
