date,symbol,reportedCurrency,cik,fillingDate,acceptedDate,calendarYear,period,revenue,costOfRevenue,grossProfit,grossProfitRatio,researchAndDevelopmentExpenses,generalAndAdministrativeExpenses,sellingAndMarketingExpenses,sellingGeneralAndAdministrativeExpenses,otherExpenses,operatingExpenses,costAndExpenses,interestIncome,interestExpense,depreciationAndAmortization,ebitda,ebitdaratio,operatingIncome,operatingIncomeRatio,totalOtherIncomeExpensesNet,incomeBeforeTax,incomeBeforeTaxRatio,incomeTaxExpense,netIncome,netIncomeRatio,eps,epsdiluted,weightedAverageShsOut,weightedAverageShsOutDil,link,finalLink
2024-12-29,TDY,USD,0001094285,2025-02-21,2025-02-20 19:10:07,2024,FY,5670000000,3235200000,2434800000,0.4294179894,292600000,0,0,902600000,250500000,1445700000,4680900000,0,57900000,309900000,1305700000,0.2302821869,989100000,0.1744444444,-51200000,937900000,0.1654144621,117200000,819200000,0.1444797178,17.43,17.21,46707000,47600000,https://www.sec.gov/Archives/edgar/data/1094285/000109428525000053/0001094285-25-000053-index.htm,https://www.sec.gov/Archives/edgar/data/1094285/000109428525000053/tdy-20241229.htm
2023-12-31,TDY,USD,0001094285,2023-12-31,2023-12-30 19:00:00,2023,FY,5635500000,3196100000,2439400000,0.4328631,356300000,1195900000,-343900000,852000000,196700000,1405000000,4601100000,0,77300000,316400000,1352600000,0.2400141957,1034400000,0.1835507054,-75500000,958900000,0.1701534913,72300000,885700000,0.1571644042,18.71,18.49,47331845,47900000,,
2022-12-31,TDY,USD,0001094285,2023-02-24,2023-02-24 17:26:54,2022,FY,5458600000,3128300000,2330300000,0.4269043344,352200000,1145200000,-341200000,804000000,202100000,1358300000,4486600000,0,89300000,332200000,1329600000,0.2435789397,972000000,0.1780676364,-63900000,908100000,0.1663613381,119200000,788600000,0.1444692778,16.85,16.53,46800000,47700000,https://www.sec.gov/Archives/edgar/data/1094285/000109428523000053/0001094285-23-000053-index.htm,https://www.sec.gov/Archives/edgar/data/1094285/000109428523000053/tdy-20230101.htm
2021-12-31,TDY,USD,0001094285,2022-02-25,2022-02-25 17:20:39,2021,FY,4614300000,2772900000,1841400000,0.39906378,0,1056600000,11200000,1067800000,149300000,1217100000,3990000000,0,90800000,371800000,996400000,0.215937412,624300000,0.1352967947,-90500000,533800000,0.1156838524,88500000,445300000,0.0965043452,10.31,10.05,43200000,44300000,https://www.sec.gov/Archives/edgar/data/1094285/000109428522000049/0001094285-22-000049-index.htm,https://www.sec.gov/Archives/edgar/data/1094285/000109428522000049/tdy-20220102.htm
2020-12-31,TDY,USD,0001094285,2021-02-26,2021-02-25 20:33:11,2020,FY,3086200000,1905300000,1180900000,0.3826388439,0,649900000,12100000,662000000,38800000,700800000,2606100000,0,15300000,116200000,601200000,0.19480267,480100000,0.1555634761,-10400000,469700000,0.1521936362,67800000,401900000,0.130224872,10.95,10.6,36700000,37900000,https://www.sec.gov/Archives/edgar/data/1094285/000109428521000066/0001094285-21-000066-index.htm,https://www.sec.gov/Archives/edgar/data/1094285/000109428521000066/tdy-20210103.htm
2019-12-31,TDY,USD,0001094285,2020-02-24,2020-02-21 20:25:22,2019,FY,3163600000,1920300000,1243300000,0.3930016437,0,707100000,8000000,715100000,36500000,751600000,2671900000,0,21000000,111900000,606600000,0.1917435833,491700000,0.1554242003,-18000000,473700000,0.1497344797,71400000,402300000,0.1271652548,11.08,10.73,36300000,37500000,https://www.sec.gov/Archives/edgar/data/1094285/000109428520000045/0001094285-20-000045-index.htm,https://www.sec.gov/Archives/edgar/data/1094285/000109428520000045/tdy-20191229.htm
2018-12-31,TDY,USD,0001094285,2019-02-25,2019-02-22 20:43:01,2018,FY,2901800000,1791000000,1110800000,0.3827968847,0,680700000,13500000,694200000,0,694200000,2485200000,0,25500000,113000000,532400000,0.1834723275,416600000,0.1435660624,-22700000,393900000,0.1357433317,60100000,333800000,0.1150320491,9.25,9.02,36087297,37000000,https://www.sec.gov/Archives/edgar/data/1094285/000109428519000064/0001094285-19-000064-index.htm,https://www.sec.gov/Archives/edgar/data/1094285/000109428519000064/tdy-2018x10k.htm
2017-12-31,TDY,USD,0001094285,2018-02-27,2018-02-27 17:03:17,2017,FY,2603800000,1624000000,979800000,0.3762961825,0,644200000,13900000,658100000,0,658100000,2282100000,0,33100000,113000000,433100000,0.1663338198,321700000,0.1235501959,-34700000,287000000,0.1102235195,59800000,227200000,0.0872570858,6.39,6.26,35540233,36300000,https://www.sec.gov/Archives/edgar/data/1094285/000109428518000053/0001094285-18-000053-index.htm,https://www.sec.gov/Archives/edgar/data/1094285/000109428518000053/tdy-2017x10k.htm
2016-12-31,TDY,USD,0001094285,2017-03-02,2017-03-02 15:44:39,2016,FY,2149900000,1329500000,820400000,0.3815991441,0,566600000,13300000,579900000,0,579900000,1909400000,0,23200000,87300000,351800000,0.1636355179,240500000,0.1118656682,800000,244500000,0.1137262198,51600000,190900000,0.0887948277,5.46,5.37,35110762,35500000,https://www.sec.gov/Archives/edgar/data/1094285/000109428517000031/0001094285-17-000031-index.htm,https://www.sec.gov/Archives/edgar/data/1094285/000109428517000031/tdy-2016x10k.htm
2015-12-31,TDY,USD,0001094285,2016-05-17,2016-05-17 17:21:47,2015,FY,2298100000,1427800000,870300000,0.3787041469,0,588600000,0,588600000,0,588600000,2016400000,0,23900000,90300000,372400000,0.1620469083,281700000,0.1225795222,-23500000,258200000,0.1123536835,62700000,195800000,0.0852008181,5.52,5.44,34514599,36000000,https://www.sec.gov/Archives/edgar/data/1094285/000109428516000229/0001094285-16-000229-index.htm,https://www.sec.gov/Archives/edgar/data/1094285/000109428516000229/tdy-20160103x10ka.htm
2014-12-31,TDY,USD,0001094285,2015-02-26,2015-02-26 15:20:02,2014,FY,2394000000,1487100000,906900000,0.3788220551,0,612400000,0,612400000,0,612400000,2099500000,0,19000000,94300000,395400000,0.1651629073,294500000,0.123015873,-12400000,282100000,0.1178362573,66500000,217700000,0.0909356725,5.94,5.75,36655584,37900000,https://www.sec.gov/Archives/edgar/data/1094285/000109428515000037/0001094285-15-000037-index.htm,https://www.sec.gov/Archives/edgar/data/1094285/000109428515000037/tdy-20141228x10k.htm
2013-12-31,TDY,USD,0001094285,2014-02-25,2014-02-24 21:53:32,2013,FY,2338600000,1500000000,838600000,0.3585906098,0,598300000,0,598300000,0,598300000,2098300000,0,20400000,91100000,335500000,0.1434619003,240300000,0.1027537843,-16300000,224000000,0.0957838023,39500000,185000000,0.0791071581,4.87,4.87,37987680,38000000,https://www.sec.gov/Archives/edgar/data/1094285/000109428514000072/0001094285-14-000072-index.htm,https://www.sec.gov/Archives/edgar/data/1094285/000109428514000072/tdy-20131229x10k.htm
2012-12-31,TDY,USD,0001094285,2013-02-26,2013-02-26 16:21:23,2012,FY,2127300000,1379100000,748200000,0.3517134396,0,505100000,0,505100000,0,505100000,1884200000,0,17800000,78300000,324300000,0.1524467635,243100000,0.1142763127,-14900000,228200000,0.107272129,65400000,164100000,0.0771400367,4.42,4.39,37162697,37400000,https://www.sec.gov/Archives/edgar/data/1094285/000109428513000064/0001094285-13-000064-index.htm,https://www.sec.gov/Archives/edgar/data/1094285/000109428513000064/tdy-20121230x10k.htm
2011-12-31,TDY,USD,0001094285,2012-02-29,2012-02-29 17:09:07,2011,FY,1941900000,1290700000,651200000,0.3353416757,0,424000000,0,424000000,0,424000000,1714700000,0,16200000,64200000,292000000,0.1503681961,227200000,0.1169988156,-15600000,211600000,0.1089654462,69500000,255200000,0.1314176837,6.9,6.84,36449092,37300000,https://www.sec.gov/Archives/edgar/data/1094285/000119312512089549/0001193125-12-089549-index.htm,https://www.sec.gov/Archives/edgar/data/1094285/000119312512089549/d245373d10k.htm
2010-12-31,TDY,USD,0001094285,2011-03-03,2011-03-03 17:11:33,2010,FY,1644200000,1148100000,496100000,0.3017272838,0,317600000,0,317600000,0,317600000,1465700000,0,6500000,45200000,225300000,0.1370271257,178500000,0.1085634351,-4900000,175400000,0.1066780197,54800000,120500000,0.0732879212,3.31,3.27,36363372,36900000,https://www.sec.gov/Archives/edgar/data/1094285/000095012311021752/0000950123-11-021752-index.htm,https://www.sec.gov/Archives/edgar/data/1094285/000095012311021752/v58077e10vk.htm
2009-12-31,TDY,USD,0001094285,2010-03-02,2010-03-02 17:17:31,2009,FY,1652100000,1177300000,474800000,0.2873918044,0,0,0,303400000,0,303400000,1480700000,0,4800000,42500000,213900000,0.1294715816,171400000,0.1037467466,-5000000,161100000,0.0975122571,47300000,113300000,0.0685793838,3.14,3.1,36000000,36600000,https://www.sec.gov/Archives/edgar/data/1094285/000095012310020097/0000950123-10-020097-index.htm,https://www.sec.gov/Archives/edgar/data/1094285/000095012310020097/v55323e10vk.htm
2008-12-31,TDY,USD,0001094285,2009-02-26,2009-02-26 16:26:18,2008,FY,1893000000,1339500000,553500000,0.2923930269,0,0,0,364600000,0,364600000,1704100000,0,10900000,47300000,236200000,0.1247754886,188900000,0.0997886952,-10300000,194300000,0.1026413101,72100000,122200000,0.0645536186,3.41,3.35,35400000,36500000,https://www.sec.gov/Archives/edgar/data/1094285/000095013409003862/0000950134-09-003862-index.htm,https://www.sec.gov/Archives/edgar/data/1094285/000095013409003862/v51550e10vk.htm
2007-12-31,TDY,USD,0001094285,2008-02-28,2008-02-28 15:55:51,2007,FY,1622300000,1136400000,485900000,0.299513037,0,0,0,323600000,0,323600000,1460000000,0,10100000,34700000,197000000,0.1214325341,162300000,0.1000431486,-13000000,149300000,0.0920298342,50800000,98500000,0.060716267,2.82,2.72,34900000,36200000,https://www.sec.gov/Archives/edgar/data/1094285/000095012408000940/0000950124-08-000940-index.htm,https://www.sec.gov/Archives/edgar/data/1094285/000095012408000940/v38408e10vk.htm
2006-12-31,TDY,USD,0001094285,2007-03-01,2007-02-28 21:59:35,2006,FY,1433200000,1020200000,413000000,0.2881663411,0,0,0,287900000,0,287900000,1308100000,0,0,32000000,157100000,0.1096148479,125100000,0.0872871895,-3400000,121700000,0.0849148758,41400000,80300000,0.0560284678,2.34,2.26,34316239,35530973,https://www.sec.gov/Archives/edgar/data/1094285/000095013707003050/0000950137-07-003050-index.htm,https://www.sec.gov/Archives/edgar/data/1094285/000095013707003050/v27705e10vk.htm
2005-12-31,TDY,USD,0001094285,2006-03-03,2006-03-02 21:38:22,2005,FY,1206500000,869600000,336900000,0.2792374637,0,0,0,236200000,0,236200000,1105800000,0,0,25600000,126300000,0.1046829673,100700000,0.0834645669,2300000,103000000,0.0853709076,38800000,64200000,0.0532117696,1.93,1.85,33264249,34702703,https://www.sec.gov/Archives/edgar/data/1094285/000095012906002207/0000950129-06-002207-index.htm,https://www.sec.gov/Archives/edgar/data/1094285/000095012906002207/v17886e10vk.htm
2004-12-31,TDY,USD,0001094285,2005-03-02,2005-03-02 16:35:47,2004,FY,1016600000,746300000,270300000,0.2658862876,0,0,0,203400000,0,203400000,949700000,0,0,24800000,91700000,0.0902026362,66900000,0.0658075939,1100000,68000000,0.0668896321,26300000,41700000,0.0410190832,1.29,1.24,32325581,33629032,https://www.sec.gov/Archives/edgar/data/1094285/000095012905001911/0000950129-05-001911-index.htm,https://www.sec.gov/Archives/edgar/data/1094285/000095012905001911/v05843e10vk.htm
2003-12-31,TDY,USD,0001094285,2004-07-02,2004-07-02 13:32:27,2003,FY,840700000,636700000,204000000,0.2426549304,0,0,0,157000000,0,157000000,793700000,0,4000000,23100000,70100000,0.0833828952,47000000,0.0559057928,-2400000,44600000,0.0530510289,14900000,29700000,0.0353277031,0.92,0.91,32282609,32637363,https://www.sec.gov/Archives/edgar/data/1094285/000095012904004634/0000950129-04-004634-index.htm,https://www.sec.gov/Archives/edgar/data/1094285/000095012904004634/v00097a1e10vkza.htm
2002-12-31,TDY,USD,0001094285,2003-03-05,2003-03-05 15:38:53,2002,FY,772700000,584900000,187800000,0.2430438721,0,0,0,145600000,-700000,144900000,729800000,0,0,21800000,64000000,0.0828264527,42900000,0.0555196066,-800000,42100000,0.0544842759,16700000,25400000,0.0328717484,0.79,0.77,32151899,32987013,https://www.sec.gov/Archives/edgar/data/1094285/000095014803000464/0000950148-03-000464-index.htm,https://www.sec.gov/Archives/edgar/data/1094285/000095014803000464/v87993e10vk.htm
2001-12-31,TDY,USD,0001094285,2002-03-18,2002-03-18 00:00:00,2001,FY,744300000,573400000,170900000,0.2296117157,0,0,0,143800000,16300000,160100000,733500000,0,22400000,20500000,40100000,0.0538761252,10800000,0.0145102781,500000,11300000,0.0151820502,4500000,6600000,0.0088673922,0.2,0.2,33000000,33000000,https://www.sec.gov/Archives/edgar/data/1094285/000095014802000625/0000950148-02-000625-index.htm,https://www.sec.gov/Archives/edgar/data/1094285/000095014802000625/v79210e10-k405.htm
2000-12-31,TDY,USD,0001094285,2001-02-26,2001-02-26 00:00:00,2000,FY,795100000,564800000,230300000,0.2896491007,0,0,0,158400000,14800000,173200000,738000000,0,2700000,14800000,71900000,0.0904288769,57100000,0.0718148661,-4200000,52900000,0.0665325116,21000000,32300000,0.0406238209,1.13,1.09,28584071,29633028,https://www.sec.gov/Archives/edgar/data/1094285/000095014801500060/0000950148-01-500060-index.htm,https://www.sec.gov/Archives/edgar/data/1094285/000095014801500060/v69886e10-k405.txt
1999-12-31,TDY,USD,0001094285,2000-03-27,2000-03-27 00:00:00,1999,FY,761400000,540800000,220600000,0.2897294458,0,0,0,130500000,11300000,141800000,682600000,0,0,11300000,90100000,0.1183346467,78800000,0.1034935645,200000,82000000,0.1076963488,33000000,49000000,0.0643551353,1.79,1.79,27374302,27374302,https://www.sec.gov/Archives/edgar/data/1094285/000095012800000576/0000950128-00-000576-index.html,https://www.sec.gov/Archives/edgar/data/1094285/000095012800000576/
1998-12-31,TDY,USD,0001094285,1998-12-31,1998-12-31 00:00:00,1998,FY,733000000,521500000,211500000,0.2885402456,0,0,0,123400000,10600000,134000000,655500000,0,0,10600000,88100000,0.1201909959,77500000,0.1057298772,1600000,83000000,0.1132332879,34300000,48700000,0.0664392906,1.73,1.73,28150289,28150289,,
