date,symbol,reportedCurrency,cik,fillingDate,acceptedDate,calendarYear,period,revenue,costOfRevenue,grossProfit,grossProfitRatio,researchAndDevelopmentExpenses,generalAndAdministrativeExpenses,sellingAndMarketingExpenses,sellingGeneralAndAdministrativeExpenses,otherExpenses,operatingExpenses,costAndExpenses,interestIncome,interestExpense,depreciationAndAmortization,ebitda,ebitdaratio,operatingIncome,operatingIncomeRatio,totalOtherIncomeExpensesNet,incomeBeforeTax,incomeBeforeTaxRatio,incomeTaxExpense,netIncome,netIncomeRatio,eps,epsdiluted,weightedAverageShsOut,weightedAverageShsOutDil,link,finalLink
2024-12-31,TMUS,USD,0001283699,2025-01-31,2025-01-31 16:04:31,2024,FY,81400000000,29653000000,51747000000,0.6357125307,0,17747000000,3100000000,20818000000,12919000000,33737000000,63390000000,0,3411000000,12919000000,31042000000,0.3813513514,18010000000,0.2212530713,-3298000000,14712000000,0.1807371007,3373000000,11339000000,0.1392997543,9.7,9.66,1169195000,1173214000,https://www.sec.gov/Archives/edgar/data/1283699/000128369925000012/0001283699-25-000012-index.htm,https://www.sec.gov/Archives/edgar/data/1283699/000128369925000012/tmus-20241231.htm
2023-12-31,TMUS,USD,0001283699,2024-02-02,2024-02-02 16:07:53,2023,FY,78558000000,30188000000,48370000000,0.6157234145,0,0,0,21311000000,12793000000,34104000000,64292000000,0,3335000000,12818000000,27152000000,0.3456299804,14266000000,0.1815983095,-3267000000,10999000000,0.1400112019,2682000000,8317000000,0.1058708216,7.02,6.93,1185122000,1200286000,https://www.sec.gov/Archives/edgar/data/1283699/000128369924000008/0001283699-24-000008-index.htm,https://www.sec.gov/Archives/edgar/data/1283699/000128369924000008/tmus-20231231.htm
2022-12-31,TMUS,USD,0001283699,2023-02-14,2023-02-14 16:03:54,2022,FY,79571000000,36206000000,43365000000,0.544984982,0,0,0,21607000000,15215000000,36822000000,73028000000,0,3364000000,13651000000,20161000000,0.2533712031,6543000000,0.0822284501,-3397000000,3146000000,0.0395370173,556000000,2590000000,0.0325495469,2.07,2.06,1249764000,1255377000,https://www.sec.gov/Archives/edgar/data/1283699/000128369923000016/0001283699-23-000016-index.htm,https://www.sec.gov/Archives/edgar/data/1283699/000128369923000016/tmus-20221231.htm
2021-12-31,TMUS,USD,0001283699,2022-02-11,2022-02-11 16:09:17,2021,FY,80118000000,36605000000,43513000000,0.5431114107,0,0,0,20238000000,16383000000,36621000000,73226000000,0,3342000000,16383000000,23076000000,0.2880251629,6892000000,0.0860231159,-3541000000,3351000000,0.0418258069,327000000,3024000000,0.0377443271,2.42,2.41,1247155000,1254770000,https://www.sec.gov/Archives/edgar/data/1283699/000128369922000018/0001283699-22-000018-index.htm,https://www.sec.gov/Archives/edgar/data/1283699/000128369922000018/tmus-20211231.htm
2020-12-31,TMUS,USD,0001283699,2021-02-23,2021-02-23 16:08:26,2020,FY,68397000000,28266000000,40131000000,0.5867362604,0,0,0,18926000000,14569000000,33495000000,61761000000,0,2701000000,14151000000,20382000000,0.2979955261,6636000000,0.0970217992,-3106000000,3530000000,0.0516104508,786000000,3064000000,0.0447972864,2.68,2.65,1144206000,1154749000,https://www.sec.gov/Archives/edgar/data/1283699/000128369921000039/0001283699-21-000039-index.htm,https://www.sec.gov/Archives/edgar/data/1283699/000128369921000039/tmus-20201231.htm
2019-12-31,TMUS,USD,0001283699,2020-02-06,2020-02-06 16:08:16,2019,FY,44998000000,18521000000,26477000000,0.5884039291,0,0,0,14139000000,6616000000,20755000000,39276000000,24000000,1135000000,6616000000,12354000000,0.2745455354,5722000000,0.1271612072,-1119000000,4603000000,0.1022934353,1135000000,3468000000,0.077070092,4.06,4.02,854144000,863434000,https://www.sec.gov/Archives/edgar/data/1283699/000128369920000026/0001283699-20-000026-index.htm,https://www.sec.gov/Archives/edgar/data/1283699/000128369920000026/tmus-20191231.htm
2018-12-31,TMUS,USD,0001283699,2019-02-07,2019-02-07 07:46:51,2018,FY,43310000000,18354000000,24956000000,0.5762179635,0,13161000000,0,13161000000,6486000000,19647000000,38001000000,19000000,1357000000,6486000000,11760000000,0.2715308243,5309000000,0.12258139,-1392000000,3917000000,0.0904410067,1029000000,2888000000,0.0666820596,3.4,3.36,849744000,858290000,https://www.sec.gov/Archives/edgar/data/1283699/000128369919000015/0001283699-19-000015-index.htm,https://www.sec.gov/Archives/edgar/data/1283699/000128369919000015/tmus12312018form10-k.htm
2017-12-31,TMUS,USD,0001283699,2018-02-08,2018-02-08 06:15:41,2017,FY,40604000000,17708000000,22896000000,0.5638853315,0,12259000000,0,12259000000,5749000000,18008000000,35716000000,17000000,1671000000,5984000000,10816000000,0.2663776968,4888000000,0.1203822284,-1727000000,3161000000,0.077849473,-1375000000,4536000000,0.1117131317,5.39,5.2,831850000,871787000,https://www.sec.gov/Archives/edgar/data/1283699/000128369918000011/0001283699-18-000011-index.htm,https://www.sec.gov/Archives/edgar/data/1283699/000128369918000011/tmus12312017form10-k.htm
2016-12-31,TMUS,USD,0001283699,2017-02-14,2017-02-14 07:37:53,2016,FY,37490000000,16550000000,20940000000,0.5585489464,0,11378000000,0,11378000000,5512000000,16890000000,33440000000,13000000,1730000000,6243000000,10300000000,0.2747399306,4050000000,0.1080288077,-1723000000,2327000000,0.0620698853,867000000,1460000000,0.0389437183,1.71,1.69,822470000,833055000,https://www.sec.gov/Archives/edgar/data/1283699/000128369917000010/0001283699-17-000010-index.htm,https://www.sec.gov/Archives/edgar/data/1283699/000128369917000010/tmus12312016form10-k.htm
2015-12-31,TMUS,USD,0001283699,2016-02-17,2016-02-17 06:09:43,2015,FY,32467000000,14898000000,17569000000,0.5411340746,0,10189000000,0,10189000000,4901000000,15090000000,29988000000,6000000,1496000000,4688000000,7162000000,0.2205932177,2479000000,0.0763544522,-1501000000,978000000,0.030122894,245000000,733000000,0.0225767703,0.83,0.82,812994028,822617938,https://www.sec.gov/Archives/edgar/data/1283699/000128369916000073/0001283699-16-000073-index.htm,https://www.sec.gov/Archives/edgar/data/1283699/000128369916000073/tmus12312015form10-k.htm
2014-12-31,TMUS,USD,0001283699,2015-02-19,2015-02-18 21:30:33,2014,FY,29564000000,15409000000,14155000000,0.4787917738,0,8863000000,0,8863000000,3876000000,12739000000,28148000000,359000000,1351000000,4412000000,6176000000,0.2089027195,1416000000,0.0478960898,-1003000000,413000000,0.0139696929,166000000,247000000,0.0083547558,0.31,0.3,805284712,815922258,https://www.sec.gov/Archives/edgar/data/1283699/000128369915000010/0001283699-15-000010-index.htm,https://www.sec.gov/Archives/edgar/data/1283699/000128369915000010/tmus12312014form10-k.htm
2013-12-31,TMUS,USD,0001283699,2014-02-25,2014-02-24 21:52:32,2013,FY,24420000000,12255000000,12165000000,0.4981572482,0,7382000000,0,7382000000,3787000000,11169000000,23424000000,189000000,1223000000,3627000000,4901000000,0.2006961507,996000000,0.0407862408,-945000000,51000000,0.0020884521,16000000,35000000,0.0014332514,0.052,0.0516,672955980,676885215,https://www.sec.gov/Archives/edgar/data/1283699/000128369914000012/0001283699-14-000012-index.htm,https://www.sec.gov/Archives/edgar/data/1283699/000128369914000012/tmus12312013form10k.htm
2012-12-31,TMUS,USD,0001283699,2013-03-01,2013-03-01 15:46:18,2012,FY,19719000000,8098000000,11621000000,0.5893300877,0,6796000000,0,6796000000,11222000000,18018000000,26116000000,1603000,661000000,641425000,-3138000000,-0.1591358588,823969000,0.0417855368,-216511000,607458000,0.0308057204,213286000,394172000,0.0199894518,2.17,2.14,181724530,182440151,https://www.sec.gov/Archives/edgar/data/1283699/000128369913000031/0001283699-13-000031-index.htm,https://www.sec.gov/Archives/edgar/data/1283699/000128369913000031/metropcs10k-2012.htm
2011-12-31,TMUS,USD,0001283699,2012-02-29,2012-02-29 11:43:09,2011,FY,20618000000,8598000000,12020000000,0.5829857406,0,6728000000,0,6728000000,9571000000,16299000000,24897000000,1725000,670000000,544059000,-1282000000,-0.0621786788,747538000,0.0362565719,-267882000,479656000,0.0232639441,178346000,301310000,0.0146139296,1.66,1.64,180205084,181918970,https://www.sec.gov/Archives/edgar/data/1283699/000144530512000521/0001445305-12-000521-index.htm,https://www.sec.gov/Archives/edgar/data/1283699/000144530512000521/metropcs10k-2011.htm
2010-12-31,TMUS,USD,0001283699,2011-03-01,2011-03-01 11:25:45,2010,FY,4069353000,2317875000,1751478000,0.4304069959,0,621660000,0,621660000,410920000,1032580000,3350455000,1954000,263125000,1223931000,1025151000,0.2519198998,718898000,0.1766614988,-406604000,312294000,0.0767429122,118879000,193415000,0.0475296687,1.08,1.08,176855522,178067544,https://www.sec.gov/Archives/edgar/data/1283699/000119312511051403/0001193125-11-051403-index.htm,https://www.sec.gov/Archives/edgar/data/1283699/000119312511051403/d10k.htm
2009-12-31,TMUS,USD,0001283699,2010-03-01,2010-03-01 16:40:55,2009,FY,3480515000,2004324000,1476191000,0.4241300497,0,0,0,567730000,373173000,940903000,2945227000,2629000,270285000,377856000,911820000,0.2619784716,535288000,0.1537956308,-271609000,263679000,0.0757586162,86835000,176844000,0.0508097221,1,0.99,175949449,177971460,https://www.sec.gov/Archives/edgar/data/1283699/000119312510044780/0001193125-10-044780-index.htm,https://www.sec.gov/Archives/edgar/data/1283699/000119312510044780/d10k.htm
2008-12-31,TMUS,USD,0001283699,2009-03-02,2009-03-02 15:55:44,2008,FY,2751516000,1561943000,1189573000,0.4323336662,0,0,0,447582000,274224000,721806000,2283749000,22947000,179398000,255319000,714141000,0.2595445565,467767000,0.1700033727,-188343000,279424000,0.101552744,129986000,149438000,0.0543111507,0.85,0.84,174697642,177690055,https://www.sec.gov/Archives/edgar/data/1283699/000095013409004227/0000950134-09-004227-index.htm,https://www.sec.gov/Archives/edgar/data/1283699/000095013409004227/d66548e10vk.htm
2007-12-31,TMUS,USD,0001283699,2008-02-29,2008-02-29 16:26:39,2007,FY,2235734000,1244743000,990991000,0.4432508518,0,0,0,352020000,178857000,530877000,1775620000,63936000,0,178202000,638316000,0.2855062364,460114000,0.2057999744,-236613000,223501000,0.0999676169,123098000,100403000,0.0449082941,0.57,0.55,143846140,148168862,https://www.sec.gov/Archives/edgar/data/1283699/000095013408003844/0000950134-08-003844-index.htm,https://www.sec.gov/Archives/edgar/data/1283699/000095013408003844/d52882e10vk.htm
2006-12-31,TMUS,USD,0001283699,2007-03-30,2007-03-30 15:50:53,2006,FY,1546863000,922158000,624705000,0.4038528299,0,0,0,243618000,143834000,387452000,1309610000,0,0,135028000,372281000,0.2406683721,237253000,0.1533768666,-146730000,90523000,0.0585203732,36717000,53806000,0.0347839466,0.0733,0.0667,78517559,81723940,https://www.sec.gov/Archives/edgar/data/1283699/000095013407007079/0000950134-07-007079-index.htm,https://www.sec.gov/Archives/edgar/data/1283699/000095013407007079/d44987e10vk.htm
2005-12-31,TMUS,USD,0001283699,2005-12-31,2005-12-30 19:00:00,2005,FY,1038428000,584083000,454345000,0.4375315381,0,0,0,162476000,-130308000,32168000,616251000,0,0,87895000,510072000,0.4911963083,422177000,0.406553945,-96075000,326102000,0.3140342903,127425000,198677000,0.1913247717,2.8,2.53,70939292,78520392,,
2004-12-31,TMUS,USD,0001283699,2006-05-12,2006-05-12 06:11:45,2004,FY,748250000,0,0,0,0,0,0,0,748250000,748250000,748250000,0,0,0,748250000,1,41173000,0.0550257267,-9516000,31657000,0.0423080521,47000000,64890000,0.0867223522,0.36,0.3,63361025,75316843,https://www.sec.gov/Archives/edgar/data/1283699/000119312506109756/0001193125-06-109756-index.htm,https://www.sec.gov/Archives/edgar/data/1121026/000119312506109756/d10k.htm
2003-12-31,TMUS,USD,0001283699,2003-12-31,2003-12-30 19:00:00,2003,FY,451109000,122211000,328898000,0.7290876484,0,0,0,94073000,193652000,287725000,409936000,0,0,42428000,83601000,0.1853232811,41173000,0.0912706242,-9516000,31657000,0.0701759442,16179000,15358000,0.0340449869,-0.046,-0.046,78517559,81723940,,
2002-12-31,TMUS,USD,0001283699,2002-12-31,2002-12-30 19:00:00,2002,FY,129341000,63567000,65774000,0.5085317107,0,0,0,55161000,-151679000,-96518000,-32951000,0,0,-193036000,-30744000,-0.2376972499,162292000,1.2547606714,-6459000,155833000,1.20482291,25528000,130305000,1.0074531664,1.66,1.59,78517559,81723940,,
2001-12-31,TMUS,USD,0001283699,2001-12-31,2001-12-30 19:00:00,2001,FY,0,0,0,0,0,0,0,28451000,208000,28659000,28659000,0,0,208000,-28451000,0,-28659000,0,-15554000,-44213000,0,0,-44213000,0,-0.56,-0.54,78517559,81723940,,
2000-12-31,TMUS,USD,0001283699,2000-12-31,2000-12-30 19:00:00,2000,FY,0,0,0,0,0,0,0,4633000,3000,4636000,4636000,0,0,3000,-4633000,0,-4636000,0,-15973000,-20609000,0,0,-20609000,0,-0.26,-0.25,78517559,81723940,,
