date,symbol,reportedCurrency,cik,fillingDate,acceptedDate,calendarYear,period,revenue,costOfRevenue,grossProfit,grossProfitRatio,researchAndDevelopmentExpenses,generalAndAdministrativeExpenses,sellingAndMarketingExpenses,sellingGeneralAndAdministrativeExpenses,otherExpenses,operatingExpenses,costAndExpenses,interestIncome,interestExpense,depreciationAndAmortization,ebitda,ebitdaratio,operatingIncome,operatingIncomeRatio,totalOtherIncomeExpensesNet,incomeBeforeTax,incomeBeforeTaxRatio,incomeTaxExpense,netIncome,netIncomeRatio,eps,epsdiluted,weightedAverageShsOut,weightedAverageShsOutDil,link,finalLink
2025-06-30,AMCR,USD,0001748790,2025-08-15,2025-08-15 16:21:59,2025,FY,15009000000,12175000000,2834000000,0.1888200413,120000000,0,0,1205000000,500000000,1825000000,14000000000,49000000,396000000,722000000,1768000000,0.1177959891,1009000000,0.0672263309,-356000000,653000000,0.043507229,135000000,511000000,0.0340462389,0.32,0.32,1589000000,1593000000,https://www.sec.gov/Archives/edgar/data/1748790/000174879025000023/0001748790-25-000023-index.htm,https://www.sec.gov/Archives/edgar/data/1748790/000174879025000023/amcr-20250630.htm
2024-06-30,AMCR,USD,0001748790,2024-08-16,2024-08-16 06:40:20,2024,FY,13640000000,10928000000,2712000000,0.1988269795,106000000,0,0,1093000000,299000000,1498000000,12426000000,38000000,348000000,595000000,1850000000,0.1356304985,1214000000,0.0890029326,-311000000,903000000,0.066202346,163000000,730000000,0.0535190616,0.51,0.5,1439000000,1441000000,https://www.sec.gov/Archives/edgar/data/1748790/000174879024000022/0001748790-24-000022-index.htm,https://www.sec.gov/Archives/edgar/data/1748790/000174879024000022/amcr-20240630.htm
2023-06-30,AMCR,USD,0001748790,2023-08-17,2023-08-17 06:32:56,2023,FY,14694000000,11969000000,2725000000,0.1854498435,101000000,0,0,1086000000,30000000,1217000000,13186000000,31000000,290000000,586000000,2127000000,0.1447529604,1508000000,0.1026269226,-257000000,1251000000,0.0851367905,193000000,1048000000,0.0713216279,0.71,0.71,1468000000,1476000000,https://www.sec.gov/Archives/edgar/data/1748790/000174879023000030/0001748790-23-000030-index.htm,https://www.sec.gov/Archives/edgar/data/1748790/000174879023000030/amcr-20230630.htm
2022-06-30,AMCR,USD,0001748790,2022-08-18,2022-08-18 06:32:42,2022,FY,14544000000,11724000000,2820000000,0.1938943894,96000000,0,0,1284000000,201000000,1581000000,13305000000,24000000,159000000,625000000,1899000000,0.1305693069,1239000000,0.085189769,-124000000,1115000000,0.0766639164,300000000,805000000,0.0553492849,0.53,0.53,1514000000,1516000000,https://www.sec.gov/Archives/edgar/data/1748790/000174879022000024/0001748790-22-000024-index.htm,https://www.sec.gov/Archives/edgar/data/1748790/000174879022000024/amcr-20220630.htm
2021-06-30,AMCR,USD,0001748790,2021-08-24,2021-08-24 06:11:18,2021,FY,12861000000,10129000000,2732000000,0.2124251613,100000000,0,0,1292000000,19000000,1411000000,11540000000,14000000,153000000,574000000,1920000000,0.1492885468,1321000000,0.1027136304,-109000000,1212000000,0.0942383951,261000000,939000000,0.0730114299,0.6,0.6,1551000000,1556000000,https://www.sec.gov/Archives/edgar/data/1748790/000174879021000031/0001748790-21-000031-index.htm,https://www.sec.gov/Archives/edgar/data/1748790/000174879021000031/amcr-20210630.htm
2020-06-30,AMCR,USD,0001748790,2020-08-27,2020-08-27 13:43:47,2020,FY,12468000000,9932000000,2536000000,0.2034007058,97000000,0,0,1385000000,60000000,1542000000,11474000000,22000000,207000000,652000000,1684000000,0.1350657684,994000000,0.0797240937,-183000000,811000000,0.0650465191,187000000,612000000,0.0490856593,0.38,0.38,1600000000,1601600000,https://www.sec.gov/Archives/edgar/data/1748790/000174879020000025/0001748790-20-000025-index.htm,https://www.sec.gov/Archives/edgar/data/1748790/000174879020000025/amcr-20200630.htm
2019-06-30,AMCR,USD,0001748790,2019-09-03,2019-09-03 07:55:13,2019,FY,9458000000,7659000000,1799000000,0.1902093466,64000000,0,0,999000000,-56000000,1007000000,8666000000,17000000,208000000,453000000,1265000000,0.133749207,792000000,0.083738634,-188000000,604000000,0.0638612815,172000000,430200000,0.0454853034,0.3,0.3,1439000000,1439000000,https://www.sec.gov/Archives/edgar/data/1748790/000174879019000003/0001748790-19-000003-index.htm,https://www.sec.gov/Archives/edgar/data/1748790/000174879019000003/amcor-2019form10xkxjune302.htm
2018-06-30,AMCR,USD,0001748790,2018-06-30,2018-06-29 20:00:00,2018,FY,9319100000,7462300000,1856800000,0.1992467084,72700000,608565000,209315000,793200000,-3000000,862900000,8325200000,13100000,210000000,357100000,1290000000,0.1384253844,993900000,0.1066519299,-271000000,722900000,0.0775718685,144414000,719584000,0.0772160402,0.4,0.4,1439000000,1439000000,,
2017-06-30,AMCR,USD,0001748790,2017-06-30,2017-06-29 20:00:00,2017,FY,9092132043,7182194889,1909937154,0.210064828,69032669,781138121,217487874,998625996,842278488,1909937154,9092132043,12188000,199006000,0,963959807,0.1060213163,842278488,0.0926381716,-77324581,764954000,0.0841336219,214091000,596418000,0.0655971556,0.52,0.51,1439000000,1439000000,,
2016-06-30,AMCR,USD,0001748790,2016-06-30,2016-06-29 20:00:00,2016,FY,9474348697,7468316538,2006032159,0.211732988,67779510,1258145000,211283000,1469427607,468825041,2006032159,9474348697,34594000,202333000,0,613535301,0.0647575174,468825041,0.0494836169,-57622640,411202000,0.0434016114,241854000,245474000,0.0259093272,0.21,0.21,1439000000,1439000000,,
2015-06-30,AMCR,USD,0001748790,2015-06-30,2015-06-29 20:00:00,2015,FY,9599291738,7669606196,1929685542,0.2010237416,62818145,746127765,214420601,960548367,906319030,1929685542,9599291738,27264000,196244000,0,1090978411,0.1136519694,906319030,0.094415198,-11584904,894734000,0.093208335,187755000,679415000,0.0707776176,0.57,0.55,1439000000,1439000000,,
2014-06-30,AMCR,USD,0001748790,2014-06-30,2014-06-29 20:00:00,2014,FY,10218426949,8288549532,1929877417,0.1888624763,71553655,660741521,229254147,889995669,968328092,1929877417,10218426949,28274000,227089000,0,1137420679,0.1113107413,968328092,0.0947629314,-57996121,859417000,0.0841046283,75508000,531757000,0.0520390274,0.44,0.43,1439000000,1439000000,,
2013-06-30,AMCR,USD,0001748790,2013-06-30,2013-06-29 20:00:00,2013,FY,11339332159,9335809522,2003522637,0.1766878868,59866577,893800706,316033474,1209834180,733821878,2003522637,11339332159,24822727,225686047,0,952845943,0.0840301642,733821878,0.0647147352,-6661981,766993000,0.0676400505,204605000,539388000,0.0475678808,0.45,0.45,1439000000,1439000000,,
2012-06-30,AMCR,USD,0001748790,2012-06-30,2012-06-29 20:00:00,2012,FY,12478150520,10365351945,2112798575,0.1693198501,69693186,1082445000,348773000,1431217635,611887754,2112798575,12478150520,22617000,233232000,0,812882493,0.0651444693,611887754,0.0490367345,-32236936,579651000,0.0464532784,269562000,422253000,0.0338393898,0.35,0.34,1439000000,1439000000,,
2011-06-30,AMCR,USD,0001748790,2011-06-30,2011-06-29 20:00:00,2011,FY,13265823055,10996302075,2269520979,0.1710802993,99608832,1279738000,387855000,1667592929,502319218,2269520979,13265823055,20307000,252335000,0,839407477,0.063275944,502319218,0.0378656655,84753008,502887000,0.0379084658,230639000,351656000,0.0265084193,0.31,0.31,1439000000,1439000000,,
2010-06-30,AMCR,USD,0001748790,2010-06-30,2010-06-29 20:00:00,2010,FY,8370798453,6890239238,1480559214,0.1768719224,46912845,818935000,283772000,1102706837,330939531,1480559214,8370798453,19629000,174818000,0,447116814,0.0534138788,330939531,0.0395350017,-58641057,272298000,0.0325295133,51332000,155526000,0.0185795896,0.13,0.13,1439000000,1439000000,,
2009-06-30,AMCR,USD,0001748790,2009-06-30,2009-06-29 20:00:00,2009,FY,7695548310,6487635987,1207912322,0.1569624767,32120605,662266000,263663000,925928915,249862801,1207912322,7695548310,8238000,155680000,0,358411079,0.0465738196,249862801,0.0324684858,-47131742,202731000,0.0263439318,118959000,170853000,0.0222015369,0.12,0.12,1439000000,1439000000,,
2008-06-30,AMCR,USD,0001748790,2008-06-30,2008-06-29 20:00:00,2008,FY,8835449335,7417169755,1418279580,0.1605215,34634188,751237000,304628000,1055864371,327781020,1418279580,8835449335,26568000,200343000,0,475406856,0.0538067548,327781020,0.0370983985,-52716678,275064000,0.0311318632,171640000,247606000,0.0280241548,0.25,0.25,1439000000,1439000000,,
2007-06-30,AMCR,USD,0001748790,2007-06-30,2007-06-29 20:00:00,2007,FY,8447921967,7066581849,1381340118,0.1635124145,27311280,730025000,268787000,998812553,355216284,1381340118,8447921967,18367000,198304000,0,447582697,0.0529813958,355216284,0.0420477705,-105937234,249279000,0.0295077299,75318000,452672000,0.0535838283,0.44,0.43,1439000000,1439000000,,
2006-06-30,AMCR,USD,0001748790,2006-06-30,2006-06-29 20:00:00,2006,FY,8193630251,6923242457,1270387794,0.1550457801,27455810,586664000,236936000,823600124,419331859,1270387794,8193630251,16102000,195827000,0,573455425,0.069987955,419331859,0.0511777864,-41703150,377629000,0.0460881183,106039000,260682000,0.0318152018,0.26,0.26,1439000000,1439000000,,
2005-06-30,AMCR,USD,0001748790,2005-06-30,2005-06-29 20:00:00,2005,FY,8463415378,7094885167,1368530210,0.1616995207,30271144,932915000,231189000,1164104675,174154390,1368530210,8463415378,15936000,120551000,0,307362674,0.036316624,174154390,0.020577318,12657455,261803000,0.030933493,134200000,132065000,0.0156042205,0.0922,0.0915,1439000000,1439000000,,
2004-06-30,AMCR,USD,0001748790,2004-06-30,2004-06-29 20:00:00,2004,FY,7275275989,6005481329,1269794659,0.1745355999,32440519,709846000,218554000,928400137,308954000,1269794659,7275275989,9229000,101656000,0,431305101,0.0592836755,308954000,0.0424662928,20694814,335106000,0.046060933,85086000,241696000,0.0332215576,0.21,0.21,1439000000,1439000000,,
2003-06-30,AMCR,USD,0001748790,2003-06-30,2003-06-29 20:00:00,2003,FY,7216330215,5920545508,1295784707,0.1795628343,30186238,586341000,288791000,875131390,390467078,1295784707,7216330215,6738000,111312000,0,440530415,0.0610463216,273360644,0.0378808391,55858016,329219000,0.0456213879,96825000,243444000,0.0337351525,0.22,0.22,1439000000,1439000000,,
2002-06-30,AMCR,USD,0001748790,2002-06-30,2002-06-29 20:00:00,2002,FY,4215797770,3408062155,807735615,0.1915973344,20267987,390328000,199583000,589911046,197556581,807735615,4215797770,9233000,77638000,0,630052921,0.1494504612,197556581,0.0468610194,354858687,552415000,0.1310345112,67673000,479507000,0.1137405127,0.33,0.33,1439000000,1439000000,,
2001-06-30,AMCR,USD,0001748790,2001-06-30,2001-06-29 20:00:00,2001,FY,2891974505,2317886539,574087965,0.1985107282,7654506,274184000,92262000,366446727,199986732,574087965,2891974505,7144000,79097000,0,285257931,0.0986377752,199986732,0.069152315,6174635,206161000,0.0712872813,60318000,144109000,0.0498306606,0.1,0.1,1439000000,1439000000,,
2000-06-30,AMCR,USD,0001748790,2000-06-30,2000-06-29 20:00:00,2000,FY,3425398531,0,3425398531,1,11761896,36796000,0,36795629,3376841005,3425398531,3425398531,9135000,87169000,144784763,458893068,0.1339677891,3151394710,0.9200081922,-2924455788,226939000,0.066251853,49734000,173682000,0.0507041731,0.12,0.12,1439000000,1439000000,,
1999-06-30,AMCR,USD,0001748790,1999-06-30,1999-06-29 20:00:00,1999,FY,0,0,0,0,0,54739000,0,54739000,0,143055000,143055000,11549000,84912000,143055000,428098000,0,-54739000,0,254870000,200131000,0,6475000,189517000,0,0.13,0.13,1439000000,1439000000,,
1998-06-30,AMCR,USD,0001748790,1998-06-30,1998-06-29 20:00:00,1998,FY,0,0,0,0,0,46312000,0,46312000,0,136327000,136327000,8008000,77786000,136327000,304563000,0,-46312000,0,136762000,90450000,0,55934000,31350000,0,0.0218,0.0218,1439000000,1439000000,,
1997-06-30,AMCR,USD,0001748790,1997-06-30,1997-06-29 20:00:00,1997,FY,0,0,0,0,0,0,0,0,162552000,162552000,162552000,8440000,91563000,162552000,229623000,0,-162552000,0,138060000,-24492000,0,35947000,-60364000,0,-0.0419,-0.0419,1439000000,1439000000,,
1996-06-30,AMCR,USD,0001748790,1996-06-30,1996-06-29 20:00:00,1996,FY,0,0,0,0,0,0,0,0,508411000,508411000,508411000,8663000,115605000,0,508411000,0,508411000,0,-115605000,392805000,0,131670000,266805000,0,0.19,0.19,1439000000,1439000000,,
1995-06-30,AMCR,USD,0001748790,1995-06-30,1995-06-29 20:00:00,1995,FY,0,0,0,0,0,0,0,0,491034000,491034000,491034000,5398000,83591000,0,491034000,0,491034000,0,-83591000,407443000,0,141046000,255460000,0,0.18,0.18,1439000000,1439000000,,
1994-06-30,AMCR,USD,0001748790,1994-06-30,1994-06-29 20:00:00,1994,FY,4054724343,0,4054724343,1,20236016,56035000,0,56035219,3978453107,4054724343,4054724343,0,54132000,163286690,516170399,0.1273009841,3731139527,0.9201956067,-3432388294,298751000,0.0736797313,139126000,187520000,0.0462472869,0.13,0.13,1439000000,1439000000,,
1993-06-30,AMCR,USD,0001748790,1993-06-30,1993-06-29 20:00:00,1993,FY,0,0,0,0,0,0,0,0,352458000,352458000,352458000,6719000,52680000,0,352458000,0,352458000,0,-52680000,299778000,0,124646000,210351000,0,0.15,0.15,1439000000,1439000000,,
1992-06-30,AMCR,USD,0001748790,1992-06-30,1992-06-29 20:00:00,1992,FY,0,0,0,0,0,0,0,0,381276000,381276000,381276000,9382000,90907000,0,381276000,0,381276000,0,-90907000,290369000,0,102930000,199060000,0,0.14,0.14,1439000000,1439000000,,
1991-06-30,AMCR,USD,0001748790,1991-06-30,1991-06-29 20:00:00,1991,FY,2563595229,0,2563595229,1,0,1265000,0,1264619,2562330610,2563595229,2563595229,0,125765000,105028567,467396756,0.182320809,2457302043,0.9585374537,-2220698646,236603000,0.0922934312,55164000,175803000,0.0685767386,0.12,0.12,1439000000,1439000000,,
1990-06-30,AMCR,USD,0001748790,1990-06-30,1990-06-29 20:00:00,1990,FY,2578367916,0,2578367916,1,0,0,0,0,2578367916,2578367916,2578367916,0,176929000,96417126,447430039,0.1735322706,2481950790,0.9626053654,-2307866933,174084000,0.0675171293,40279000,131845000,0.0511350607,0.0916,0.0916,1439000000,1439000000,,
1989-06-30,AMCR,USD,0001748790,1989-06-30,1989-06-29 20:00:00,1989,FY,1668025670,0,1668025670,1,0,0,0,0,1668025670,1668025670,1668025670,0,112989000,64347300,312243110,0.1871932283,1603678369,0.9614230751,-1468771611,134907000,0.0808782517,34926000,99451000,0.0596219841,0.0691,0.0691,1439000000,1439000000,,
