date,symbol,reportedCurrency,cik,fillingDate,acceptedDate,calendarYear,period,revenue,costOfRevenue,grossProfit,grossProfitRatio,researchAndDevelopmentExpenses,generalAndAdministrativeExpenses,sellingAndMarketingExpenses,sellingGeneralAndAdministrativeExpenses,otherExpenses,operatingExpenses,costAndExpenses,interestIncome,interestExpense,depreciationAndAmortization,ebitda,ebitdaratio,operatingIncome,operatingIncomeRatio,totalOtherIncomeExpensesNet,incomeBeforeTax,incomeBeforeTaxRatio,incomeTaxExpense,netIncome,netIncomeRatio,eps,epsdiluted,weightedAverageShsOut,weightedAverageShsOutDil,link,finalLink
2024-12-31,CTVA,USD,0001755672,2025-02-14,2025-02-14 17:10:33,2024,FY,16908000000,9529000000,7379000000,0.4364206293,1402000000,0,0,3196000000,685000000,5283000000,14812000000,132000000,233000000,1227000000,2735000000,0.1617577478,2096000000,0.123964987,-821000000,1275000000,0.0754080908,412000000,907000000,0.0536432458,1.31,1.3,693700000,696000000,https://www.sec.gov/Archives/edgar/data/1755672/000175567225000005/0001755672-25-000005-index.htm,https://www.sec.gov/Archives/edgar/data/30554/000175567225000005/ctva-20241231.htm
2023-12-31,CTVA,USD,0001755672,2024-02-08,2024-02-08 14:13:18,2023,FY,17226000000,9920000000,7306000000,0.4241263207,1337000000,0,0,3176000000,683000000,5196000000,15116000000,283000000,233000000,1211000000,2537000000,0.1472773714,2110000000,0.1224892604,-1017000000,1093000000,0.0634505979,152000000,735000000,0.0426680599,1.04,1.03,709000000,711900000,https://www.sec.gov/Archives/edgar/data/1755672/000175567224000004/0001755672-24-000004-index.htm,https://www.sec.gov/Archives/edgar/data/30554/000175567224000004/ctva-20231231.htm
2022-12-31,CTVA,USD,0001755672,2023-02-09,2023-02-09 10:33:13,2022,FY,17455000000,10436000000,7019000000,0.4021197365,1216000000,0,0,3173000000,702000000,5091000000,15527000000,124000000,79000000,1223000000,2728000000,0.1562875967,1928000000,0.1104554569,-502000000,1426000000,0.0816957892,210000000,1147000000,0.0657118304,1.59,1.58,720800000,724500000,https://www.sec.gov/Archives/edgar/data/1755672/000175567223000005/0001755672-23-000005-index.htm,https://www.sec.gov/Archives/edgar/data/30554/000175567223000005/ctva-20221231.htm
2021-12-31,CTVA,USD,0001755672,2022-02-10,2022-02-10 16:09:53,2021,FY,15655000000,9220000000,6435000000,0.4110507825,1187000000,0,0,3209000000,722000000,5118000000,14338000000,77000000,30000000,1243000000,3619000000,0.2311721495,1317000000,0.0841264772,1029000000,2346000000,0.149856276,524000000,1759000000,0.1123602683,2.39,2.37,735900000,741600000,https://www.sec.gov/Archives/edgar/data/1755672/000175567222000005/0001755672-22-000005-index.htm,https://www.sec.gov/Archives/edgar/data/30554/000175567222000005/ctva-20211231.htm
2020-12-31,CTVA,USD,0001755672,2021-02-11,2021-02-11 16:11:55,2020,FY,14217000000,8507000000,5710000000,0.4016318492,1142000000,0,0,3043000000,682000000,4867000000,13374000000,56000000,45000000,1177000000,1897000000,0.133431807,843000000,0.05929521,-168000000,675000000,0.047478371,-81000000,681000000,0.0479004009,0.91,0.91,748700000,751200000,https://www.sec.gov/Archives/edgar/data/1755672/000175567221000008/0001755672-21-000008-index.htm,https://www.sec.gov/Archives/edgar/data/30554/000175567221000008/ctva-20201231.htm
2019-12-31,CTVA,USD,0001755672,2020-02-14,2020-02-14 07:29:08,2019,FY,13846000000,8575000000,5271000000,0.3806875632,1147000000,3065000000,0,3065000000,475000000,4687000000,13262000000,59000000,136000000,1599000000,1419000000,0.102484472,584000000,0.0421782464,-900000000,-316000000,-0.0228224758,-46000000,-959000000,-0.0692618807,-1.28,-1.28,749500000,749500000,https://www.sec.gov/Archives/edgar/data/1755672/000175567220000006/0001755672-20-000006-index.htm,https://www.sec.gov/Archives/edgar/data/30554/000175567220000006/ctva-12x31x201910xk.htm
2018-12-31,CTVA,USD,0001755672,2018-12-31,2018-12-30 19:00:00,2018,FY,14287000000,9948000000,4339000000,0.3037026668,1355000000,2902000000,139000000,3041000000,391000000,4787000000,14735000000,86000000,337000000,2790000000,-3679000000,-0.2575068244,-448000000,-0.0313571779,-6358000000,-6806000000,-0.4763771261,-31000000,-5065000000,-0.3545180934,-6.76,-6.76,749400000,749400000,,
2017-12-31,CTVA,USD,0001755672,2017-12-31,2017-12-30 19:00:00,2017,FY,14240000000,8402000000,5838000000,0.4099719101,1509000000,2972000000,0,2972000000,1169000000,5650000000,14052000000,0,74000000,270000000,-30000000,-0.0021067416,188000000,0.0132022472,-562000000,-374000000,-0.0262640449,-2524000000,2534000000,0.1779494382,3.38,3.38,749400000,749400000,,
2016-12-31,CTVA,USD,0001755672,2016-12-31,2016-12-30 19:00:00,2016,FY,14041000000,8391000000,5650000000,0.402392992,1507000000,2937000000,0,2937000000,320000000,4764000000,13155000000,0,101000000,247000000,606000000,0.0431593191,886000000,0.0631009187,-628000000,258000000,0.0183747596,-270000000,503000000,0.0358236593,0.67,0.67,749400000,749400000,,
