date,symbol,reportedCurrency,cik,fillingDate,acceptedDate,calendarYear,period,revenue,costOfRevenue,grossProfit,grossProfitRatio,researchAndDevelopmentExpenses,generalAndAdministrativeExpenses,sellingAndMarketingExpenses,sellingGeneralAndAdministrativeExpenses,otherExpenses,operatingExpenses,costAndExpenses,interestIncome,interestExpense,depreciationAndAmortization,ebitda,ebitdaratio,operatingIncome,operatingIncomeRatio,totalOtherIncomeExpensesNet,incomeBeforeTax,incomeBeforeTaxRatio,incomeTaxExpense,netIncome,netIncomeRatio,eps,epsdiluted,weightedAverageShsOut,weightedAverageShsOutDil,link,finalLink
2024-12-31,ERIE,USD,0000922621,2025-02-27,2025-02-27 16:25:43,2024,FY,3795115000,3118660000,676455000,0.1782436105,0,0,0,33353000,-33353000,0,3118660000,65066000,0,56530000,766338000,0.2019274778,676455000,0.1782436105,80824000,757279000,0.1995404619,156965000,600314000,0.1581807139,12.89,11.48,46189044,52687566,https://www.sec.gov/Archives/edgar/data/922621/000092262125000004/0000922621-25-000004-index.htm,https://www.sec.gov/Archives/edgar/data/922621/000092262125000004/erie-20241231.htm
2023-12-31,ERIE,USD,0000922621,2024-02-26,2024-02-26 16:25:53,2023,FY,3268940000,2748684000,520256000,0.1591512845,0,0,0,32561000,-32561000,0,2748684000,51742000,0,47415000,600232000,0.1836167076,520256000,0.1591512845,41680000,561936000,0.171901595,115875000,446061000,0.1364543246,9.58,8.53,46188982,52680711,https://www.sec.gov/Archives/edgar/data/922621/000092262124000006/0000922621-24-000006-index.htm,https://www.sec.gov/Archives/edgar/data/922621/000092262124000006/erie-20231231.htm
2022-12-31,ERIE,USD,0000922621,2023-03-01,2023-03-01 16:25:32,2022,FY,2840124000,2463910000,376214000,0.1324639347,0,0,0,6030000,-6030000,0,2463910000,0,2009000,46166000,428410000,0.1508420055,376214000,0.1324639347,238000,376452000,0.1325477338,77883000,298569000,0.1051253396,6.41,5.71,46188916,46188916,https://www.sec.gov/Archives/edgar/data/922621/000092262123000007/0000922621-23-000007-index.htm,https://www.sec.gov/Archives/edgar/data/922621/000092262123000007/erie-20221231.htm
2021-12-31,ERIE,USD,0000922621,2022-02-24,2022-02-24 16:30:25,2021,FY,2633977000,2315880000,318097000,0.12076681,0,0,0,4083000,-4083000,0,2315880000,0,4132000,37210000,351224000,0.1333436093,318097000,0.12076681,58307000,376404000,0.1429032979,78544000,297860000,0.1130837513,6.4,5.69,46188806,46188806,https://www.sec.gov/Archives/edgar/data/922621/000092262122000013/0000922621-22-000013-index.htm,https://www.sec.gov/Archives/edgar/data/922621/000092262122000013/erie-20211231.htm
2020-12-31,ERIE,USD,0000922621,2021-02-25,2021-02-25 16:27:12,2020,FY,2536489000,2198332000,338157000,0.133316959,0,0,0,1635000,-1635000,0,2198332000,0,731000,21195000,357717000,0.1410284058,338157000,0.133316959,30358000,368515000,0.1452854714,75211000,293304000,0.1156338545,6.3,5.61,52313367,52694660,https://www.sec.gov/Archives/edgar/data/922621/000092262121000010/0000922621-21-000010-index.htm,https://www.sec.gov/Archives/edgar/data/922621/000092262121000010/erie-20201231.htm
2019-12-31,ERIE,USD,0000922621,2020-02-27,2020-02-27 16:38:14,2019,FY,2477298000,2119958999,357339000,0.1442454642,0,0,0,1671000,-1670999,0,2119959000,0,856000,16813000,375823000,0.1517068193,357339000,0.1442454642,39366000,396705000,0.1601361645,79884000,316821000,0.1278897412,6.8,6.06,52289640,58420660,https://www.sec.gov/Archives/edgar/data/922621/000092262120000009/0000922621-20-000009-index.htm,https://www.sec.gov/Archives/edgar/data/922621/000092262120000009/erie10-k12312019.htm
2018-12-31,ERIE,USD,0000922621,2019-02-21,2019-02-21 16:34:22,2018,FY,2382212000,2037869000,344343000,0.1445475885,0,0,0,0,0,0,2037869000,0,2460000,13368000,357711000,0.1501591798,344343000,0.1445475885,26977000,371320000,0.1558719375,83096000,288224000,0.1209900714,4.93,4.93,52289437,52696513,https://www.sec.gov/Archives/edgar/data/922621/000092262119000008/0000922621-19-000008-index.htm,https://www.sec.gov/Archives/edgar/data/922621/000092262119000008/erie10-k12312018.htm
2017-12-31,ERIE,USD,0000922621,2018-02-22,2018-02-22 16:37:03,2017,FY,1691774000,1401522000,290252000,0.1715666513,0,0,0,0,0,0,1401522000,0,1238000,14831000,305083000,0.1803331887,290252000,0.1715666513,25443000,315695000,0.1866058942,118696000,196999000,0.1164452226,4.23,3.76,52393351,58438263,https://www.sec.gov/Archives/edgar/data/922621/000092262118000016/0000922621-18-000016-index.htm,https://www.sec.gov/Archives/edgar/data/922621/000092262118000016/erie10-k12312017.htm
2016-12-31,ERIE,USD,0000922621,2017-02-23,2017-02-23 16:49:55,2016,FY,1596631000,1303114000,293517000,0.183835213,0,0,0,2412000,-2412000,0,1303114000,0,101000,15095000,306200000,0.1917788143,293517000,0.183835213,26574000,320091000,0.2004790086,109725000,210366000,0.1317561791,4.52,4.01,52460362,58536103,https://www.sec.gov/Archives/edgar/data/922621/000092262117000008/0000922621-17-000008-index.htm,https://www.sec.gov/Archives/edgar/data/922621/000092262117000008/erie10-k12312016.htm
2015-12-31,ERIE,USD,0000922621,2016-02-25,2016-02-25 16:56:40,2015,FY,1505508000,1074593000,430915000,0.2862256461,0,0,0,0,198374000,198374000,1272967000,0,0,16461000,249002000,0.1653940065,232541000,0.1544601556,33708000,266249000,0.1768499404,91571000,174678000,0.1160259527,3.75,3.33,52455855,58599611,https://www.sec.gov/Archives/edgar/data/922621/000092262116000067/0000922621-16-000067-index.htm,https://www.sec.gov/Archives/edgar/data/922621/000092262116000067/erie10-k12312015.htm
2014-12-31,ERIE,USD,0000922621,2015-02-26,2015-02-26 16:28:32,2014,FY,6124000000,5294000000,830000000,0.1355323318,0,0,0,0,0,7000000,5301000000,0,0,16000000,846000000,0.1381450033,823000000,0.134389288,7000000,251264000,0.0410293926,83759000,167505000,0.0273522208,3.59,3.18,52830205,58717034,https://www.sec.gov/Archives/edgar/data/922621/000092262115000008/0000922621-15-000008-index.htm,https://www.sec.gov/Archives/edgar/data/922621/000092262115000008/erie10-k12312014.htm
2013-12-31,ERIE,USD,0000922621,2014-02-27,2014-02-27 16:36:36,2013,FY,6271000000,4704000000,1567000000,0.2498804018,0,0,0,0,0,7000000,4711000000,0,0,14000000,1581000000,0.2521129007,1560000000,0.2487641524,7000000,246614000,0.0393261043,84003000,162611000,0.0259306331,3.46,3.08,52922077,58956557,https://www.sec.gov/Archives/edgar/data/922621/000092262114000008/0000922621-14-000008-index.htm,https://www.sec.gov/Archives/edgar/data/922621/000092262114000008/erie10-k12312013.htm
2012-12-31,ERIE,USD,0000922621,2013-02-26,2013-02-26 16:33:58,2012,FY,5512000000,4613000000,899000000,0.1630986938,0,0,0,0,0,0,4613000000,0,0,11000000,910000000,0.1650943396,899000000,0.1630986938,0,899000000,0.1630986938,280000000,160000000,0.0290275762,3.38,2.99,53511705,59653433,https://www.sec.gov/Archives/edgar/data/922621/000144530513000346/0001445305-13-000346-index.htm,https://www.sec.gov/Archives/edgar/data/922621/000144530513000346/erie10-k12312012.htm
2011-12-31,ERIE,USD,0000922621,2012-02-27,2012-02-27 16:57:12,2011,FY,4675000000,4466000000,209000000,0.0447058824,0,0,0,0,-149000000,-149000000,4317000000,0,0,4000000,362000000,0.0774331551,358000000,0.0765775401,0,358000000,0.0765775401,90000000,169000000,0.0361497326,3.45,3.08,54985716,61167837,https://www.sec.gov/Archives/edgar/data/922621/000110465912013263/0001104659-12-013263-index.htm,https://www.sec.gov/Archives/edgar/data/922621/000110465912013263/a11-32394_110k.htm
2010-12-31,ERIE,USD,0000922621,2011-02-24,2011-02-24 17:14:50,2010,FY,4762000000,3869000000,893000000,0.1875262495,0,0,0,0,-106000000,-106000000,3763000000,0,0,12000000,1011000000,0.2123057539,999000000,0.2097858043,0,999000000,0.2097858043,339000000,162000000,0.0340193196,3.18,2.85,56816007,62995294,https://www.sec.gov/Archives/edgar/data/922621/000095012311017950/0000950123-11-017950-index.htm,https://www.sec.gov/Archives/edgar/data/922621/000095012311017950/l41756e10vk.htm
2009-12-31,ERIE,USD,0000922621,2010-02-25,2010-02-25 16:39:46,2009,FY,4624000000,4499668000,124332000,0.0268884083,0,768668000,0,768668000,-1168336000,-399668000,4100000000,0,0,9000000,533000000,0.1152681661,524000000,0.1133217993,0,524000000,0.1133217993,78000000,108000000,0.0233564014,2.1,1.89,57368206,63546599,https://www.sec.gov/Archives/edgar/data/922621/000095012310017102/0000950123-10-017102-index.htm,https://www.sec.gov/Archives/edgar/data/922621/000095012310017102/l38824e10vk.htm
2008-12-31,ERIE,USD,0000922621,2009-02-26,2009-02-26 16:32:36,2008,FY,2709000000,4255012000,-1546012000,-0.5706947213,0,765012000,0,765012000,-1472024000,-707012000,3548000000,0,0,36933000,-802067000,-0.2960749354,-839000000,-0.3097083795,0,-839000000,-0.3097083795,-223000000,69000000,0.0254706534,1.34,1.19,57947049,64089544,https://www.sec.gov/Archives/edgar/data/922621/000095015209001857/0000950152-09-001857-index.htm,https://www.sec.gov/Archives/edgar/data/922621/000095015209001857/l35096ae10vk.htm
2007-12-31,ERIE,USD,0000922621,2008-02-27,2008-02-27 17:25:18,2007,FY,1179932000,930454000,249478000,0.2114342182,0,755642000,0,755642000,-815332000,-59690000,870764000,0,0,31363000,340531000,0.2886022245,309168000,0.2620218792,0,309168000,0.2620218792,99137000,212945000,0.1804722645,3.8,3.43,62079377,68248016,https://www.sec.gov/Archives/edgar/data/922621/000095015208001475/0000950152-08-001475-index.htm,https://www.sec.gov/Archives/edgar/data/922621/000095015208001475/l29838ae10vk.htm
2006-12-31,ERIE,USD,0000922621,2007-02-26,2007-02-26 17:31:07,2006,FY,1191237000,934204000,257033000,0.2157698258,0,742526000,0,742526000,-784292000,-41766000,892438000,0,0,36051000,334850000,0.2810943582,298799000,0.250830859,0,298799000,0.250830859,99055000,204025000,0.1712715438,3.45,3.13,65214387,65256608,https://www.sec.gov/Archives/edgar/data/922621/000095012807000016/0000950128-07-000016-index.htm,https://www.sec.gov/Archives/edgar/data/922621/000095012807000016/l24094ae10vk.htm
2005-12-31,ERIE,USD,0000922621,2006-02-22,2006-02-22 17:31:53,2005,FY,1202125000,900731000,301394000,0.2507176874,0,710237000,0,710237000,-748299000,-38062000,862669000,0,0,36855000,261074000,0.2171770823,339456000,0.2823799522,0,339456000,0.2823799522,111733000,231104000,0.1922462306,3.69,3.34,69216060,69293649,https://www.sec.gov/Archives/edgar/data/922621/000095015206001383/0000950152-06-001383-index.htm,https://www.sec.gov/Archives/edgar/data/922621/000095015206001383/j1821601e10vk.htm
2004-12-31,ERIE,USD,0000922621,2005-02-24,2005-02-24 09:21:26,2004,FY,1202608000,884916000,317692000,0.2641692056,0,684491000,0,684491000,-693146000,-8655000,876261000,0,0,37317000,363664000,0.3023961258,326347000,0.2713660644,0,326347000,0.2713660644,105140000,226413000,0.1882683302,3.54,3.21,70413673,77397092,https://www.sec.gov/Archives/edgar/data/922621/000095015205001462/0000950152-05-001462-index.htm,https://www.sec.gov/Archives/edgar/data/922621/000095015205001462/j1220601e10vk.htm
2003-12-31,ERIE,USD,0000922621,2004-03-08,2004-03-08 10:20:57,2003,FY,1117531000,820478000,297053000,0.2658118656,0,0,0,0,2000000,2000000,822478000,0,0,4293000,232603000,0.2081400874,295053000,0.2640222061,0,295053000,0.2640222061,102237000,199725000,0.1787198744,3.09,2.81,70997106,71094167,https://www.sec.gov/Archives/edgar/data/922621/000095012804000224/0000950128-04-000224-index.htm,https://www.sec.gov/Archives/edgar/data/922621/000095012804000224/j0499101e10vk.htm
2002-12-31,ERIE,USD,0000922621,2003-03-27,2003-03-27 11:15:51,2002,FY,964926000,705871000,259055000,0.2684713646,0,0,0,0,3654000,3654000,709525000,0,0,3986000,259387000,0.2688154325,255401000,0.2646845458,0,255401000,0.2646845458,84886000,172126000,0.178382591,2.68,2.41,71081099,71162192,https://www.sec.gov/Archives/edgar/data/922621/000095012803000435/0000950128-03-000435-index.htm,https://www.sec.gov/Archives/edgar/data/922621/000095012803000435/j9926901e10vk.htm
2001-12-31,ERIE,USD,0000922621,2002-03-12,2002-03-12 00:00:00,2001,FY,785676000,600833000,184843000,0.2352661912,0,0,0,0,2740000,2740000,603573000,0,0,2350000,184453000,0.2347698033,182103000,0.2317787485,0,182103000,0.2317787485,60561000,122261000,0.1556124917,1.71,1.71,71342000,71342000,https://www.sec.gov/Archives/edgar/data/922621/000092262102000003/0000922621-02-000003-index.htm,https://www.sec.gov/Archives/edgar/data/922621/000092262102000003/form10k.txt
2000-12-31,ERIE,USD,0000922621,2001-03-23,2001-03-23 00:00:00,2000,FY,763385000,549672000,213713000,0.2799544136,0,0,0,0,-4733000,-4733000,544939000,0,0,2745000,226683000,0.29694453,218446000,0.2861544306,0,218446000,0.2861544306,71161000,152393000,0.1996279728,2.12,2.12,71954000,71954000,https://www.sec.gov/Archives/edgar/data/922621/000092262101000002/0000922621-01-000002-index.htm,https://www.sec.gov/Archives/edgar/data/922621/000092262101000002/0000922621-01-000002-0001.txt
1999-12-31,ERIE,USD,0000922621,2000-03-23,2000-03-23 00:00:00,1999,FY,704130000,501061000,203069000,0.288397029,0,0,0,0,-5686000,-5686000,495375000,0,0,1766000,210521000,0.2989803019,208755000,0.2964722423,0,208755000,0.2964722423,65649000,143106000,0.2032380384,1.95,1.95,73487000,73576159,https://www.sec.gov/Archives/edgar/data/922621/000092262100000001/0000922621-00-000001-index.html,https://www.sec.gov/Archives/edgar/data/922621/000092262100000001/
1998-12-31,ERIE,USD,0000922621,1999-03-30,1999-03-30 00:00:00,1998,FY,661677000,470155000,191522000,0.2894493839,0,0,0,0,-4835000,-4835000,465320000,0,0,2001000,198358000,0.2997807087,196357000,0.2967565746,0,196357000,0.2967565746,61806000,134551000,0.2033484616,1.81,1.81,74400000,74565217,https://www.sec.gov/Archives/edgar/data/922621/000092262199000002/0000922621-99-000002-index.html,https://www.sec.gov/Archives/edgar/data/922621/
1997-12-31,ERIE,USD,0000922621,1998-03-26,1998-03-26 00:00:00,1997,FY,622089000,451400000,170689000,0.2743803539,0,0,0,0,-4231000,-4231000,447169000,32908858,0,1889000,176809000,0.2842181746,174920000,0.2811816316,0,174920000,0.2811816316,56339000,118581000,0.1906174197,1.59,1.59,74579245,74579245,https://www.sec.gov/Archives/edgar/data/922621/000092262198000001/0000922621-98-000001-index.html,https://www.sec.gov/Archives/edgar/data/922621/0000922621-98-000001.txt
1996-12-31,ERIE,USD,0000922621,1997-03-21,1997-03-21 00:00:00,1996,FY,583188215,434961381,148226834,0.2541663741,0,0,0,0,-3820957,-3820957,431140424,25794260,0,1428376,153476167,0.2631674699,152047791,0.260718216,0,152047791,0.260718216,46915432,105132359,0.1802717481,1.41,1.41,74561957,74561957,https://www.sec.gov/Archives/edgar/data/922621/000092262197000001/0000922621-97-000001-index.html,https://www.sec.gov/Archives/edgar/data/922621/0000922621-97-000001.txt
1995-12-31,ERIE,USD,0000922621,1995-12-31,1995-12-31 00:00:00,1995,FY,524457899,411128241,113329658,0.2160891431,0,0,0,0,-24681791,-24681791,386446450,20814258,0,1019784,139031233,0.2650951263,138011449,0.2631506728,0,138011449,0.2631506728,44460652,93550797,0.1783761808,1.26,1.26,74246664,74246664,,
1994-12-31,ERIE,USD,0000922621,1994-12-31,1994-12-31 00:00:00,1994,FY,487140201,399066869,88073332,0.180796682,0,0,0,0,-16943139,-16943139,382123730,13303120,0,921498,105937969,0.2174691573,105016471,0.2155775089,0,105016471,0.2155775089,33287639,71728832,0.1472447395,0.96,0.96,75075000,75075000,,
1993-12-31,ERIE,USD,0000922621,1993-12-31,1993-12-31 00:00:00,1993,FY,463400000,0,463400000,1,0,0,0,0,463400000,463400000,463400000,0,0,900000,0,0,0,0,90900000,90900000,0.1961588261,28500000,60400000,0.1303409581,0.27,0.27,226500000,226500000,,
