date,symbol,reportedCurrency,cik,fillingDate,acceptedDate,calendarYear,period,revenue,costOfRevenue,grossProfit,grossProfitRatio,researchAndDevelopmentExpenses,generalAndAdministrativeExpenses,sellingAndMarketingExpenses,sellingGeneralAndAdministrativeExpenses,otherExpenses,operatingExpenses,costAndExpenses,interestIncome,interestExpense,depreciationAndAmortization,ebitda,ebitdaratio,operatingIncome,operatingIncomeRatio,totalOtherIncomeExpensesNet,incomeBeforeTax,incomeBeforeTaxRatio,incomeTaxExpense,netIncome,netIncomeRatio,eps,epsdiluted,weightedAverageShsOut,weightedAverageShsOutDil,link,finalLink
2024-12-31,PODD,USD,0001145197,2025-02-21,2025-02-20 17:36:54,2024,FY,2071600000,625900000,1445700000,0.6978663835,219600000,0,0,917200000,0,1136800000,1762700000,39500000,42700000,80800000,423700000,0.2045279011,308900000,0.1491117976,-8700000,300200000,0.1449121452,-118100000,418300000,0.2019212203,5.97,5.78,70076000,73890000,https://www.sec.gov/Archives/edgar/data/1145197/000114519725000007/0001145197-25-000007-index.htm,https://www.sec.gov/Archives/edgar/data/1145197/000114519725000007/podd-20241231.htm
2023-12-31,PODD,USD,0001145197,2024-02-23,2024-02-22 17:49:33,2023,FY,1697100000,537200000,1159900000,0.68346002,205000000,0,0,734900000,0,939900000,1477100000,28600000,36200000,72800000,323600000,0.1906782158,220000000,0.1296329032,-5400000,214600000,0.1264510047,8300000,206300000,0.1215603088,2.96,2.94,69751000,73633000,https://www.sec.gov/Archives/edgar/data/1145197/000114519724000011/0001145197-24-000011-index.htm,https://www.sec.gov/Archives/edgar/data/1145197/000114519724000011/podd-20231231.htm
2022-12-31,PODD,USD,0001145197,2023-02-24,2023-02-23 18:36:18,2022,FY,1305300000,499700000,805600000,0.6171761281,180200000,0,0,587800000,0,768000000,1267700000,9300000,36000000,63200000,109000000,0.0835057075,37600000,0.0288056386,-27800000,9800000,0.0075078526,5200000,4600000,0.0035240941,0.0663,0.0658,69375000,69910000,https://www.sec.gov/Archives/edgar/data/1145197/000114519723000020/0001145197-23-000020-index.htm,https://www.sec.gov/Archives/edgar/data/1145197/000114519723000020/podd-20221231.htm
2021-12-31,PODD,USD,0001145197,2022-02-24,2022-02-23 18:06:58,2021,FY,1098800000,346700000,752100000,0.6844739716,160100000,0,0,466000000,0,626100000,972800000,500000,61700000,57400000,139600000,0.1270476884,126000000,0.1146705497,-105500000,20500000,0.0186567164,3700000,16800000,0.0152894066,0.25,0.25,67698000,68579000,https://www.sec.gov/Archives/edgar/data/1145197/000114519722000012/0001145197-22-000012-index.htm,https://www.sec.gov/Archives/edgar/data/1145197/000114519722000012/podd-20211231.htm
2020-12-31,PODD,USD,0001145197,2021-02-24,2021-02-23 17:55:47,2020,FY,904400000,322100000,582300000,0.6438522778,146800000,0,0,384000000,0,530800000,852900000,3000000,48100000,55400000,110300000,0.12195931,51500000,0.0569438302,-41800000,9700000,0.0107253428,2900000,6800000,0.007518797,0.11,0.1,64735000,65946000,https://www.sec.gov/Archives/edgar/data/1145197/000114519721000009/0001145197-21-000009-index.htm,https://www.sec.gov/Archives/edgar/data/1145197/000114519721000009/podd-20201231.htm
2019-12-31,PODD,USD,0001145197,2020-02-26,2020-02-25 19:39:27,2019,FY,738200000,257900000,480300000,0.6506366838,132300000,0,0,298000000,0,430300000,688200000,0,34600000,27900000,74200000,0.1005147656,50000000,0.0677323219,-35500000,14500000,0.0196423733,2900000,11600000,0.0157138987,0.19,0.19,60593846,62304348,https://www.sec.gov/Archives/edgar/data/1145197/000114519720000004/0001145197-20-000004-index.htm,https://www.sec.gov/Archives/edgar/data/1145197/000114519720000004/podd-2019x12x3110xk.htm
2018-12-31,PODD,USD,0001145197,2019-02-28,2019-02-27 21:45:38,2018,FY,563823000,193655000,370168000,0.6565322805,88606000,0,0,248000000,0,342800000,536400000,6705000,22197000,15600000,47100000,0.0835368547,27400000,0.0485968114,-22200000,5200000,0.0092227525,1900000,3292000,0.0058387118,0.0559,0.054,58860000,61008000,https://www.sec.gov/Archives/edgar/data/1145197/000114519719000005/0001145197-19-000005-index.htm,https://www.sec.gov/Archives/edgar/data/1145197/000114519719000005/podd-2018x12x31_10xkamended.htm
2017-12-31,PODD,USD,0001145197,2018-02-22,2018-02-21 17:47:11,2017,FY,463768000,186599000,277169000,0.5976458057,74452000,0,0,208900000,0,284600000,471200000,2633000,19187000,13900000,6400000,0.0138000035,-7400000,-0.015956254,-19200000,-26600000,-0.0573562643,200000,-26831000,-0.0578543582,-0.46,-0.46,58003434,58003434,https://www.sec.gov/Archives/edgar/data/1145197/000114519718000004/0001145197-18-000004-index.htm,https://www.sec.gov/Archives/edgar/data/1145197/000114519718000004/podd-2017x12x31_10xk.htm
2016-12-31,PODD,USD,0001145197,2017-02-28,2017-02-27 18:03:39,2016,FY,366989000,155903000,211086000,0.5751834524,55710000,0,0,166080000,0,221790000,377693000,825000,14388000,13833000,1403000,0.0038230029,-10704000,-0.0291670868,-16114000,-26818000,-0.0730757598,392000,-28879000,-0.0786917319,-0.51,-0.5,56687500,57251377,https://www.sec.gov/Archives/edgar/data/1145197/000114519717000005/0001145197-17-000005-index.htm,https://www.sec.gov/Archives/edgar/data/1145197/000114519717000005/podd-2016x12x31_10xk.htm
2015-12-31,PODD,USD,0001145197,2016-02-29,2016-02-29 07:38:30,2015,FY,263893000,130622000,133271000,0.5050190797,43208000,0,0,138799000,0,182007000,312629000,58000,12712000,15838000,-32840000,-0.1244443771,-48736000,-0.1846809123,-12654000,-61390000,-0.2326321653,212000,-73520000,-0.278597765,-1.29,-1.29,56785646,56785646,https://www.sec.gov/Archives/edgar/data/1145197/000114519716000083/0001145197-16-000083-index.htm,https://www.sec.gov/Archives/edgar/data/1145197/000114519716000083/podd-2015x12x31_10xk.htm
2014-12-31,PODD,USD,0001145197,2015-02-26,2015-02-26 16:43:59,2014,FY,288720000,145432000,143288000,0.4962870601,27900000,0,0,108100000,0,136000000,240195000,129000,14687000,12223000,-21079000,-0.0730084511,-8874000,-0.0307356608,-39006000,-47880000,-0.1658354115,60000,-51500000,-0.1783735107,-0.93,-0.93,55628542,55628542,https://www.sec.gov/Archives/edgar/data/1145197/000114519715000020/0001145197-15-000020-index.htm,https://www.sec.gov/Archives/edgar/data/1145197/000114519715000020/podd_2014123110k.htm
2013-12-31,PODD,USD,0001145197,2014-02-28,2014-02-27 17:44:34,2013,FY,247084000,134683000,112401000,0.4549100711,21765000,0,0,119771000,0,141536000,276219000,124000,16889000,11806000,-16179000,-0.0654797559,-29135000,-0.1179153648,-15739000,-44874000,-0.1816143498,100000,-44974000,-0.1820190704,-0.83,-0.83,54010887,54010887,https://www.sec.gov/Archives/edgar/data/1145197/000114519714000013/0001145197-14-000013-index.htm,https://www.sec.gov/Archives/edgar/data/1145197/000114519714000013/podd_20131231x10k.htm
2012-12-31,PODD,USD,0001145197,2013-02-28,2013-02-28 14:49:55,2012,FY,211369000,119033000,92336000,0.436847409,24359000,0,0,103948000,0,128307000,247340000,110000,15794000,11030000,-24831000,-0.1174770189,-35971000,-0.1701810578,-15684000,-51655000,-0.2443830458,212000,-51867000,-0.2453860311,-1.08,-1.08,47924324,47924324,https://www.sec.gov/Archives/edgar/data/1145197/000119312513083670/0001193125-13-083670-index.htm,https://www.sec.gov/Archives/edgar/data/1145197/000119312513083670/d454863d10k.htm
2011-12-31,PODD,USD,0001145197,2013-02-28,2013-02-28 14:32:07,2011,FY,152255000,85543000,66712000,0.4381596663,21863000,0,0,87316000,0,109179000,194722000,139000,14715000,8503000,-33825000,-0.2221601918,-42467000,-0.2789202325,-14576000,-57043000,-0.3746543627,-11212000,-57170000,-0.3754884897,-1.22,-1.22,46689880,46689880,https://www.sec.gov/Archives/edgar/data/1145197/000119312513083603/0001193125-13-083603-index.htm,https://www.sec.gov/Archives/edgar/data/1145197/000119312513083603/d479085d10ka.htm
2010-12-31,PODD,USD,0001145197,2011-03-10,2011-03-10 16:59:23,2010,FY,96966000,53240000,43726000,0.4509415671,16566000,0,0,61362000,4431000,82359000,135599000,168000,22694000,5077000,-33388000,-0.3443268775,-38633000,-0.3984180022,-22526000,-61159000,-0.6307262339,0,-61159000,-0.6307262339,-1.54,-1.54,39607899,39607899,https://www.sec.gov/Archives/edgar/data/1145197/000095012311024185/0000950123-11-024185-index.htm,https://www.sec.gov/Archives/edgar/data/1145197/000095012311024185/b84120e10vk.htm
2009-12-31,PODD,USD,0001145197,2010-03-09,2010-03-09 16:33:47,2009,FY,66032000,47735000,18297000,0.2770929246,13231000,0,0,64425000,0,77656000,125391000,241000,20182000,5222000,-53896000,-0.8162103223,-59359000,-0.8989429368,-12985000,-72344000,-1.095590017,0,-79541000,-1.2045826266,-2.68,-2.68,29727106,29727106,https://www.sec.gov/Archives/edgar/data/1145197/000095012310022584/0000950123-10-022584-index.htm,https://www.sec.gov/Archives/edgar/data/1145197/000095012310022584/b78704e10vk.htm
2008-12-31,PODD,USD,0001145197,2009-03-16,2009-03-16 15:28:36,2008,FY,36059000,40643000,-4584000,-0.1271249896,13104000,0,0,63484000,8170000,84758000,125401000,1795000,7224000,6375000,-74797000,-2.0742949056,-89342000,-2.4776616101,89342000,0,0,0,-92791000,-2.5733104079,-3.36,-3.36,27611003,27611003,https://www.sec.gov/Archives/edgar/data/1145197/000095013509001769/0000950135-09-001769-index.htm,https://www.sec.gov/Archives/edgar/data/1145197/000095013509001769/b73483ice10vk.htm
2007-12-31,PODD,USD,0001145197,2008-03-20,2008-03-20 15:59:00,2007,FY,13372000,25733000,-12361000,-0.9243942567,10391000,0,0,30063000,1027000,41481000,67214000,0,0,4920000,-48922000,-3.6585402333,-53842000,-4.0264732276,53842000,0,0,0,-53539000,-4.0038139396,-3.21,-3.21,16688418,16688418,https://www.sec.gov/Archives/edgar/data/1145197/000095013508001892/0000950135-08-001892-index.htm,https://www.sec.gov/Archives/edgar/data/1145197/000095013508001892/b68660ice10vk.htm
2006-12-31,PODD,USD,0001145197,2006-12-31,2006-12-30 19:00:00,2006,FY,3663000,15660000,-11997000,-3.2751842752,8094000,0,0,14554000,0,22648000,38308000,0,0,2640000,-32005000,-8.7373737374,-34645000,-9.4580944581,34645000,0,0,0,-35950000,-9.8143598144,-99.1,-39.19,917276,917276,,
2005-12-31,PODD,USD,0001145197,2005-12-31,2005-12-30 19:00:00,2005,FY,50000,1530000,-1480000,-29.6,10764000,0,0,9261000,0,20025000,21555000,0,0,1236000,-20269000,-405.38,-21505000,-430.1,21505000,0,0,0,-21636000,-432.72,-70.95,-70.95,304962,304962,,
2004-12-31,PODD,USD,0001145197,2004-12-31,2004-12-30 19:00:00,2004,FY,0,0,0,0,9026000,0,0,5127000,0,14153000,14153000,0,0,323000,-13497000,,-14153000,,332000,0,0,-332000,-13821000,,-47.64,-47.64,290140,290140,,
2003-12-31,PODD,USD,0001145197,2003-12-31,2003-12-30 19:00:00,2003,FY,0,0,0,0,8659000,0,546000,546000,0,12014000,12014000,0,0,0,-12014000,,-12014000,,0,0,0,11941000,-11941000,,-43.88,-43.88,272118,272118,,
2002-12-31,PODD,USD,0001145197,2002-12-31,2002-12-30 19:00:00,2002,FY,0,0,0,0,9458000,0,0,3214000,0,12672000,12672000,0,0,0,-12672000,,-12672000,,0,0,0,12580000,-12580000,,-42.3,-42.3,297375,297375,,
