date,symbol,reportedCurrency,cik,fillingDate,acceptedDate,calendarYear,period,revenue,costOfRevenue,grossProfit,grossProfitRatio,researchAndDevelopmentExpenses,generalAndAdministrativeExpenses,sellingAndMarketingExpenses,sellingGeneralAndAdministrativeExpenses,otherExpenses,operatingExpenses,costAndExpenses,interestIncome,interestExpense,depreciationAndAmortization,ebitda,ebitdaratio,operatingIncome,operatingIncomeRatio,totalOtherIncomeExpensesNet,incomeBeforeTax,incomeBeforeTaxRatio,incomeTaxExpense,netIncome,netIncomeRatio,eps,epsdiluted,weightedAverageShsOut,weightedAverageShsOutDil,link,finalLink
2025-06-30,TECH,USD,0000842023,2025-08-22,2025-08-22 06:31:16,2025,FY,1219635000,429363000,790272000,0.6479577907,99496000,415097000,0,415097000,173424000,688017000,1117380000,3886000,8509000,109903000,216875000,0.1778195936,102255000,0.0838406572,-3792000,98463000,0.0807315303,25063000,73400000,0.0601819397,0.47,0.46,157521000,159717000,https://www.sec.gov/Archives/edgar/data/842023/000155837025011716/0001558370-25-011716-index.htm,https://www.sec.gov/Archives/edgar/data/842023/000155837025011716/tech-20250630x10k.htm
2024-06-30,TECH,USD,0000842023,2024-08-22,2024-08-22 16:30:35,2024,FY,1159060000,389335000,769725000,0.6640941798,96664000,393320000,0,393320000,73055000,563039000,952374000,3323000,15736000,111711000,313136000,0.2701637534,206686000,0.1783220886,-20997000,185689000,0.1602065467,17584000,168105000,0.1450356323,1.07,1.05,157708000,160774000,https://www.sec.gov/Archives/edgar/data/842023/000155837024012430/0001558370-24-012430-index.htm,https://www.sec.gov/Archives/edgar/data/842023/000155837024012430/tech-20240630x10k.htm
2023-06-30,TECH,USD,0000842023,2023-08-23,2023-08-23 16:30:51,2023,FY,1136702000,366887000,769815000,0.6772355463,92493000,352438000,0,352438000,25940000,470871000,837758000,3410000,11215000,107238000,457112000,0.4021388191,298944000,0.2629924114,39715000,338659000,0.297931208,53217000,285263000,0.2509567151,1.81,1.76,157179000,161855000,https://www.sec.gov/Archives/edgar/data/842023/000155837023015226/0001558370-23-015226-index.htm,https://www.sec.gov/Archives/edgar/data/842023/000155837023015226/tmb-20230630x10k.htm
2022-06-30,TECH,USD,0000842023,2022-08-24,2022-08-24 16:31:27,2022,FY,1105599000,349103000,756496000,0.6842408504,87140000,339001000,0,339001000,33765000,459906000,809009000,794000,11309000,101069000,413764000,0.374244188,296590000,0.2682618201,4796000,301386000,0.2725997401,38287000,272051000,0.2460666119,1.73,1.66,156876000,164116000,https://www.sec.gov/Archives/edgar/data/842023/000155837022013935/0001558370-22-013935-index.htm,https://www.sec.gov/Archives/edgar/data/842023/000155837022013935/tmb-20220630x10k.htm
2021-06-30,TECH,USD,0000842023,2021-08-25,2021-08-25 16:46:35,2021,FY,931032000,298182000,632850000,0.6797295904,70603000,289924000,0,289924000,35027000,395554000,693736000,473000,13952000,87747000,249874000,0.2683839009,237296000,0.2548741611,-89121000,148175000,0.1591513503,8590000,140410000,0.1508111429,0.91,0.87,154988000,161932000,https://www.sec.gov/Archives/edgar/data/842023/000143774921020980/0001437749-21-020980-index.htm,https://www.sec.gov/Archives/edgar/data/842023/000143774921020980/tech20200630b_10k.htm
2020-06-30,TECH,USD,0000842023,2020-08-26,2020-08-26 16:36:54,2020,FY,738691000,255497000,483194000,0.6541219536,65192000,240882000,0,240882000,19701000,325775000,581272000,605000,19197000,82737000,378411000,0.5122723845,157419000,0.2131053445,119058000,276477000,0.3742796379,47181000,229296000,0.310408547,1.5,1.45,152804000,157604000,https://www.sec.gov/Archives/edgar/data/842023/000143774920018754/0001437749-20-018754-index.htm,https://www.sec.gov/Archives/edgar/data/842023/000143774920018754/tech20200630_10k.htm
2019-06-30,TECH,USD,0000842023,2019-08-28,2019-08-28 16:16:47,2019,FY,714006000,240515000,473491000,0.6631470884,62413000,236867000,27492000,264359000,0,326772000,567287000,569000,21705000,78171000,211891000,0.2967636126,125583000,0.1758850766,-34704000,112015000,0.1568824352,15943000,96072000,0.1345534911,0.64,0.62,151124000,155568000,https://www.sec.gov/Archives/edgar/data/842023/000143774919017565/0001437749-19-017565-index.htm,https://www.sec.gov/Archives/edgar/data/842023/000143774919017565/tech20190630_10k.htm
2018-06-30,TECH,USD,0000842023,2018-08-27,2018-08-27 16:47:54,2018,FY,642993000,210850000,432143000,0.6720804115,55329000,240636000,0,240636000,0,295965000,506815000,409000,10188000,64463000,200603000,0.3119831787,136178000,0.2117876866,-10226000,125952000,0.1958839365,-602000,125350000,0.1949476899,0.84,0.82,149904000,152220000,https://www.sec.gov/Archives/edgar/data/842023/000143774918016190/0001437749-18-016190-index.htm,https://www.sec.gov/Archives/edgar/data/842023/000143774918016190/tech20180630_10k.htm
2017-06-30,TECH,USD,0000842023,2017-09-07,2017-09-07 17:06:02,2017,FY,563003000,188462000,374541000,0.6652557802,53514000,153326000,45917000,199243000,0,252757000,441219000,304000,7361000,60036000,179358000,0.3185737909,121784000,0.2163114584,-8623000,113161000,0.2009953766,35875000,77286000,0.1372745794,0.52,0.52,149252000,150000000,https://www.sec.gov/Archives/edgar/data/842023/000143774917015711/0001437749-17-015711-index.htm,https://www.sec.gov/Archives/edgar/data/842023/000143774917015711/tech20170630_10k.htm
2016-06-30,TECH,USD,0000842023,2016-08-29,2016-08-29 16:49:57,2016,FY,499023000,162364000,336659000,0.6746362392,45187000,140879000,0,140879000,0,186066000,348430000,249000,1748000,42764000,191993000,0.3847377776,150593000,0.3017756697,-3112000,147481000,0.2955394842,43005000,104476000,0.2093610916,0.7,0.7,148776000,149304000,https://www.sec.gov/Archives/edgar/data/842023/000143774916038182/0001437749-16-038182-index.htm,https://www.sec.gov/Archives/edgar/data/842023/000143774916038182/tech20160630_10k.htm
2015-06-30,TECH,USD,0000842023,2015-08-31,2015-08-31 16:48:02,2015,FY,452246000,144969000,307277000,0.6794465844,40853000,119401000,0,119401000,0,160254000,305223000,634000,1544000,37226000,192932000,0.4266085272,147023000,0.3250951916,7139000,154162000,0.340880848,46427000,107735000,0.2382221181,0.73,0.72,148384000,148924000,https://www.sec.gov/Archives/edgar/data/842023/000143774915016645/0001437749-15-016645-index.htm,https://www.sec.gov/Archives/edgar/data/842023/000143774915016645/tech20150630_10k.htm
2014-06-30,TECH,USD,0000842023,2014-08-29,2014-08-29 17:04:39,2014,FY,357763000,106352000,251411000,0.7027305786,30945000,60716000,0,60716000,0,91661000,198013000,2684000,0,19175000,180567000,0.5047112194,159750000,0.4465246546,1642000,161392000,0.4511142852,50444000,110948000,0.3101159147,0.75,0.75,147560000,148020000,https://www.sec.gov/Archives/edgar/data/842023/000119312514327566/0001193125-14-327566-index.htm,https://www.sec.gov/Archives/edgar/data/842023/000119312514327566/d744730d10k.htm
2013-06-30,TECH,USD,0000842023,2013-08-29,2013-08-29 15:37:26,2013,FY,310575000,79465000,231110000,0.744135877,29257000,43384000,0,43384000,830000,74833000,154298000,2646000,0,12321000,172983000,0.5569765757,158469000,0.5102439024,2193000,160662000,0.5173049988,48101000,112561000,0.362427755,0.76,0.76,147344000,147600000,https://www.sec.gov/Archives/edgar/data/842023/000119312513351961/0001193125-13-351961-index.htm,https://www.sec.gov/Archives/edgar/data/842023/000119312513351961/d545574d10k.htm
2012-06-30,TECH,USD,0000842023,2012-08-29,2012-08-29 08:48:59,2012,FY,314560000,78756000,235804000,0.7496312309,27912000,41683000,0,41683000,693000,71722000,150478000,2639000,0,12467000,174662000,0.5552581384,166209000,0.5283856816,-4014000,162195000,0.515625,49864000,112331000,0.3571051628,0.76,0.76,147756000,148024000,https://www.sec.gov/Archives/edgar/data/842023/000119312512373084/0001193125-12-373084-index.htm,https://www.sec.gov/Archives/edgar/data/842023/000119312512373084/d357001d10k.htm
2011-06-30,TECH,USD,0000842023,2011-08-29,2011-08-29 12:12:46,2011,FY,289962000,65025000,224937000,0.7757464771,25985000,35897000,0,35897000,0,61882000,126907000,3752000,0,8700000,173681000,0.5989784868,163055000,0.5623323056,1926000,164981000,0.5689745553,52679000,112302000,0.3872990254,0.76,0.76,148392000,148688000,https://www.sec.gov/Archives/edgar/data/842023/000119312511235045/0001193125-11-235045-index.htm,https://www.sec.gov/Archives/edgar/data/842023/000119312511235045/d10k.htm
2010-06-30,TECH,USD,0000842023,2010-08-27,2010-08-27 10:36:50,2010,FY,269047000,54463000,214584000,0.7975706847,25121000,32175000,0,32175000,960000,58256000,112719000,4375000,0,960000,164576000,0.6116998145,156328000,0.5810434608,118000,156446000,0.5814820459,46670000,109776000,0.40801793,0.74,0.73,149020000,149388000,https://www.sec.gov/Archives/edgar/data/842023/000084202310000031/0000842023-10-000031-index.htm,https://www.sec.gov/Archives/edgar/data/842023/000084202310000031/k2010.txt
2009-06-30,TECH,USD,0000842023,2009-08-28,2009-08-28 10:18:03,2009,FY,263956000,55488000,208468000,0.7897831457,23564000,33164000,0,33164000,960000,57688000,113176000,7634000,0,7766000,158546000,0.6006531392,150780000,0.5712315689,4583000,155363000,0.5885943112,50121000,105242000,0.3987103911,0.7,0.69,151208000,151600000,https://www.sec.gov/Archives/edgar/data/842023/000084202309000032/0000842023-09-000032-index.htm,https://www.sec.gov/Archives/edgar/data/842023/000084202309000032/k102009.txt
2008-06-30,TECH,USD,0000842023,2008-08-28,2008-08-28 13:01:56,2008,FY,257420000,52889000,204531000,0.7945419936,22394000,36715000,0,36715000,1135000,60244000,113133000,12188000,0,7259000,151546000,0.5887110559,144287000,0.5605120037,9544000,153831000,0.5975876,50273000,103558000,0.4022919742,0.66,0.66,156556000,156988000,https://www.sec.gov/Archives/edgar/data/842023/000084202308000024/0000842023-08-000024-index.htm,https://www.sec.gov/Archives/edgar/data/842023/000084202308000024/k2008.txt
2007-06-30,TECH,USD,0000842023,2007-08-29,2007-08-29 09:48:00,2007,FY,223482000,46667000,176815000,0.7911822876,20082000,30965000,0,30965000,1614000,52661000,99328000,8434000,1083000,6994000,137008000,0.6130605597,124154000,0.5555436232,4777000,128931000,0.5769189465,43820000,85111000,0.3808405151,0.54,0.54,157624000,158052000,https://www.sec.gov/Archives/edgar/data/842023/000084202307000029/0000842023-07-000029-index.htm,https://www.sec.gov/Archives/edgar/data/842023/000084202307000029/k10.txt
2006-06-30,TECH,USD,0000842023,2006-08-30,2006-08-30 10:40:58,2006,FY,202617000,45718000,156899000,0.7743624671,18825000,27604000,0,27604000,1967000,48396000,94114000,0,0,6955000,115458000,0.5698337257,108503000,0.5355078794,2660000,111163000,0.5486360967,37812000,73351000,0.3620179945,0.47,0.46,156196000,158376000,https://www.sec.gov/Archives/edgar/data/842023/000084202306000038/0000842023-06-000038-index.htm,https://www.sec.gov/Archives/edgar/data/842023/000084202306000038/k06.txt
2005-06-30,TECH,USD,0000842023,2005-09-12,2005-09-12 16:16:31,2005,FY,178652000,36813000,141839000,0.7939401742,18379000,24476000,0,24476000,1221000,44076000,80889000,0,0,6108000,103871000,0.5814152654,97763000,0.5472258917,2124000,99887000,0.5591149273,33755000,66132000,0.3701721783,0.41,0.4,161436000,163680000,https://www.sec.gov/Archives/edgar/data/842023/000084202305000038/0000842023-05-000038-index.htm,https://www.sec.gov/Archives/edgar/data/842023/000084202305000038/k10.txt
2004-06-30,TECH,USD,0000842023,2004-09-10,2004-09-10 16:47:30,2004,FY,161257000,34887000,126370000,0.7836559033,20773000,21725000,0,21725000,1599000,44097000,78984000,0,0,6040000,88313000,0.5476537453,82273000,0.5101980069,268000,82541000,0.5118599503,29613000,52928000,0.3282214105,0.32,0.32,164184000,166788000,https://www.sec.gov/Archives/edgar/data/842023/000084202304000025/0000842023-04-000025-index.htm,https://www.sec.gov/Archives/edgar/data/842023/000084202304000025/k2004.txt
2003-06-30,TECH,USD,0000842023,2003-09-26,2003-09-26 10:37:58,2003,FY,145010900,35396174,109614726,0.7559068042,20581343,19376538,0,19376538,1939250,41897131,77293305,0,0,6352847,74071000,0.510796085,67717595,0.4669827923,1837405,69555293,0.479655619,24159000,45396293,0.3130543497,0.27,0.27,165476236,168124000,https://www.sec.gov/Archives/edgar/data/842023/000084202303000028/0000842023-03-000028-index.htm,https://www.sec.gov/Archives/edgar/data/842023/000084202303000028/k2003.txt
2002-06-30,TECH,USD,0000842023,2002-09-27,2002-09-27 10:13:12,2002,FY,130900395,32507846,98392549,0.7516596799,17470267,19554195,0,19554195,8549246,45573708,78081554,0,0,12687915,65506756,0.5004320728,52818841,0.4035040612,-15083172,37735669,0.2882777321,10606000,27129669,0.2072542944,0.16,0.16,166030908,170090656,https://www.sec.gov/Archives/edgar/data/842023/000084202302000011/0000842023-02-000011-index.htm,https://www.sec.gov/Archives/edgar/data/842023/000084202302000011/k02.txt
2001-06-30,TECH,USD,0000842023,2001-09-27,2001-09-27 00:00:00,2001,FY,115356562,28424906,86931656,0.7535909054,14522233,17714215,0,17714215,8889254,41125702,69550608,0,0,12737448,58543402,0.5074995387,45805954,0.3970814768,2002422,47808376,0.4144400212,13763000,34045376,0.2951316805,0.21,0.2,165754680,170672944,https://www.sec.gov/Archives/edgar/data/842023/000084202301500014/0000842023-01-500014-index.htm,https://www.sec.gov/Archives/edgar/data/842023/000084202301500014/k601.txt
2000-06-30,TECH,USD,0000842023,2000-09-27,2000-09-27 00:00:00,2000,FY,103838155,23328550,80509605,0.7753373989,11198309,17315131,0,17315131,12651350,41164790,64493340,0,0,12651350,51996165,0.5007423813,39344815,0.3789051818,66982,39411797,0.3795502434,12829000,26582797,0.2560022084,0.16,0.16,162501928,168824168,https://www.sec.gov/Archives/edgar/data/842023/000084202300000004/0000842023-00-000004-index.htm,https://www.sec.gov/Archives/edgar/data/842023/000084202300000004/0000842023-00-000004-0001.txt
1999-06-30,TECH,USD,0000842023,1999-09-27,1999-09-27 00:00:00,1999,FY,90900000,25000000,65900000,0.7249724972,12000000,16900000,0,16900000,11900000,40800000,65800000,0,0,11900000,37000000,0.4070407041,25100000,0.2761276128,1000000,26100000,0.2871287129,9400000,16700000,0.1837183718,0.1,0.1,160938936,165493400,https://www.sec.gov/Archives/edgar/data/842023/000084202399000004/0000842023-99-000004-index.htm,https://www.sec.gov/Archives/edgar/data/842023/000084202399000004/
1998-06-30,TECH,USD,0000842023,1998-09-14,1998-09-14 00:00:00,1998,FY,67300000,17800000,49500000,0.73551263,10600000,15400000,0,15400000,2300000,28300000,46100000,0,0,2300000,23500000,0.3491827637,21200000,0.3150074294,1200000,22400000,0.3328380386,7200000,15200000,0.2258543834,0.1,0.0969,151623744,156861040,https://www.sec.gov/Archives/edgar/data/842023/000084202398000004/0000842023-98-000004-index.htm,https://www.sec.gov/Archives/edgar/data/842023/0000842023-98-000004.txt
1997-06-30,TECH,USD,0000842023,1997-09-26,1997-09-26 00:00:00,1997,FY,60900000,17000000,43900000,0.7208538588,11700000,14600000,0,14600000,2300000,28600000,45600000,0,0,2300000,17600000,0.288998358,15300000,0.2512315271,700000,16000000,0.26272578,5100000,10900000,0.1789819376,0.0725,0.07,150344828,155714286,https://www.sec.gov/Archives/edgar/data/842023/000084202397000008/0000842023-97-000008-index.htm,https://www.sec.gov/Archives/edgar/data/842023/0000842023-97-000008.txt
1996-06-30,TECH,USD,0000842023,1996-09-27,1996-09-27 00:00:00,1996,FY,54600000,17100000,37500000,0.6868131868,10400000,13000000,0,13000000,1900000,25300000,42400000,0,0,1900000,14100000,0.2582417582,12200000,0.2234432234,400000,12600000,0.2307692308,4000000,8600000,0.1575091575,0.0553,0.0553,155542800,155542800,https://www.sec.gov/Archives/edgar/data/842023/000084202396000003/0000842023-96-000003-index.html,https://www.sec.gov/Archives/edgar/data/842023/0000842023-96-000003.txt
1995-06-30,TECH,USD,0000842023,1995-09-25,1995-09-25 00:00:00,1995,FY,47700000,16800000,30900000,0.6477987421,8600000,11200000,0,11200000,1700000,21500000,38300000,0,0,1700000,11100000,0.2327044025,9400000,0.1970649895,200000,9600000,0.2012578616,2900000,6700000,0.1404612159,0.044,0.0437,152351296,153333333,https://www.sec.gov/Archives/edgar/data/842023/000084202395000006/0000842023-95-000006-index.html,https://www.sec.gov/Archives/edgar/data/842023/0000842023-95-000006.txt
1994-06-30,TECH,USD,0000842023,1994-06-30,1994-06-30 00:00:00,1994,FY,40300000,15200000,25100000,0.6228287841,6500000,0,0,9200000,11000000,17500000,32700000,0,0,1800000,9400000,0.2332506203,7600000,0.1885856079,-400000,7200000,0.1786600496,2100000,5100000,0.1265508685,0.035,0.035,145714286,145714286,,
1993-06-30,TECH,USD,0000842023,1993-06-30,1993-06-30 00:00:00,1993,FY,28700000,11800000,16900000,0.5888501742,0,0,0,8700000,10000000,10000000,21800000,0,0,1300000,8200000,0.2857142857,6900000,0.2404181185,-400000,6500000,0.2264808362,2100000,4400000,0.1533101045,0.03,0.03,146666667,146666667,,
1992-06-30,TECH,USD,0000842023,1992-06-30,1992-06-30 00:00:00,1992,FY,22300000,9600000,12700000,0.5695067265,0,0,0,7600000,8600000,8600000,18200000,0,0,1000000,5100000,0.2286995516,4100000,0.1838565022,-800000,3300000,0.1479820628,1300000,2000000,0.0896860987,0.015,0.015,133333333,133333333,,
1991-06-30,TECH,USD,0000842023,1991-06-30,1991-06-30 00:00:00,1991,FY,19300000,8900000,10400000,0.5388601036,0,0,0,7700000,8200000,8200000,17100000,0,0,500000,2700000,0.1398963731,2200000,0.1139896373,0,2200000,0.1139896373,600000,1600000,0.0829015544,0.0125,0.0125,128000000,128000000,,
1990-06-30,TECH,USD,0000842023,1990-06-30,1990-06-30 00:00:00,1990,FY,15700000,7300000,8400000,0.5350318471,0,0,0,6600000,6900000,6900000,14200000,0,0,300000,1800000,0.1146496815,1500000,0.0955414013,-100000,1400000,0.0891719745,400000,1000000,0.0636942675,0.0075,0.0075,133333333,133333333,,
1989-06-30,TECH,USD,0000842023,1989-06-30,1989-06-29 20:00:00,1989,FY,12500000,6100000,6400000,0.512,0,0,0,5600000,5800000,5800000,11900000,0,0,200000,800000,0.064,600000,0.048,0,600000,0.048,200000,400000,0.032,0.0032,0.0032,126144000,126144000,,
