date,symbol,reportedCurrency,cik,fillingDate,acceptedDate,calendarYear,period,revenue,costOfRevenue,grossProfit,grossProfitRatio,researchAndDevelopmentExpenses,generalAndAdministrativeExpenses,sellingAndMarketingExpenses,sellingGeneralAndAdministrativeExpenses,otherExpenses,operatingExpenses,costAndExpenses,interestIncome,interestExpense,depreciationAndAmortization,ebitda,ebitdaratio,operatingIncome,operatingIncomeRatio,totalOtherIncomeExpensesNet,incomeBeforeTax,incomeBeforeTaxRatio,incomeTaxExpense,netIncome,netIncomeRatio,eps,epsdiluted,weightedAverageShsOut,weightedAverageShsOutDil,link,finalLink
2024-12-31,VLTO,USD,0001967680,2025-02-25,2025-02-25 16:38:30,2024,FY,5193000000,2088000000,3105000000,0.5979202773,253000000,0,0,1644000000,0,1897000000,3985000000,0,113000000,78000000,1277000000,0.245907953,1208000000,0.2326208357,-122000000,1086000000,0.2091276719,253000000,833000000,0.1604082419,3.37,3.34,247300000,249600000,https://www.sec.gov/Archives/edgar/data/1967680/000196768025000008/0001967680-25-000008-index.htm,https://www.sec.gov/Archives/edgar/data/1967680/000196768025000008/vlto-20241231.htm
2023-12-31,VLTO,USD,0001967680,2023-12-31,2023-12-30 19:00:00,2023,FY,5021000000,2120000000,2901000000,0.5777733519,225000000,0,0,1536000000,0,1761000000,3881000000,0,30000000,87000000,1213000000,0.2415853416,1140000000,0.2270464051,-44000000,1096000000,0.2182832105,257000000,839000000,0.1670981876,3.41,3.41,246400000,246400000,,
2022-12-31,VLTO,USD,0001967680,2022-12-31,2022-12-30 19:00:00,2022,FY,4870000000,2110000000,2769000000,0.5685831622,217000000,0,0,1474000000,-43000000,1648000000,3758000000,0,0,90000000,1203000000,0.2470225873,1112000000,0.2283367556,1000000,1113000000,0.2285420945,268000000,845000000,0.1735112936,3.43,3.43,246100000,246100000,,
2021-12-31,VLTO,USD,0001967680,2021-12-31,2021-12-30 19:00:00,2021,FY,4700000000,1987000000,2713000000,0.5772340426,244000000,0,0,1428000000,0,1672000000,3659000000,0,0,106000000,1145000000,0.2436170213,1041000000,0.2214893617,6000000,1047000000,0.2227659574,186000000,861000000,0.1831914894,3.5,3.5,246100000,246100000,,
2020-12-31,VLTO,USD,0001967680,2020-12-31,2020-12-30 19:00:00,2020,FY,4348000000,1838000000,2510000000,0.5772769089,219000000,0,0,1340000000,0,1559000000,3397000000,0,0,110000000,1061000000,0.2440202392,951000000,0.2187212511,-1000000,950000000,0.2184912603,226000000,724000000,0.1665133395,2.94,2.94,246100000,246100000,,
